2081 3517
298 190 387 234 154
422 209 583 230 HVTTENI
597 210 644 230 AD
659 209 744 231 CAES.
757 208 1035 230 MAXIMILIANVM
1050 208 1095 230 VT
1110 207 1255 229 BELLVM
1270 207 1305 228 IN
1322 207 1486 229 VENETOS
1502 208 1990 235 PROSEQAEXHORTATORWM·

558 310 637 349 Nos
668 310 832 348 Venetos
861 320 983 357 reguo
1014 308 1182 345 tumidos
1215 312 1252 345 et
1281 314 1412 346 nostra
1443 314 1618 359 petentes

490 390 540 417 676
669 376 790 414 Ferre
822 380 928 413 extra
961 375 1103 423 patrias
1133 385 1240 412 arma
1271 375 1440 413 sinemus
1471 377 1613 426 aquas?

558 442 679 488 Quam
711 440 847 479 molles
877 439 966 477 olim
996 439 1129 490 populi
1158 440 1339 491 belloque
1368 442 1558 486 minores,

669 509 724 547 Ne
755 509 836 546 sine
868 506 1083 545 Germanos
1113 519 1191 545 non
1221 508 1391 558 potuisse
1422 510 1555 558 magis.

558 576 650 621 Quae
681 579 817 612 natura
846 572 922 611 loci
953 586 1115 624 quaeque
1146 586 1209 612 ars
1239 574 1286 613 ab
1318 576 1467 625 origine
1497 577 1641 625 gentis,

491 656 540 681 eso
667 641 821 679 Institor
851 640 1040 679 Adrianus
1071 641 1208 679 vendat
1239 647 1417 692 ematque
1447 643 1578 692 piper;

560 708 627 746 Cui
658 708 787 746 minus
818 712 892 751 est,
924 707 1091 756 patrium
1123 708 1308 757 piscando
1339 710 1494 758 naviget
1524 721 1677 759 aequor,

671 774 785 824 Spem
817 773 916 812 lueri
945 785 1104 824 parvam
1134 775 1407 825 possideatque
1439 775 1641 826 scapham:

559 842 614 880 Tu
648 846 758 879 natos
789 854 809 879 e
839 840 961 879 Marte
994 841 1094 879 viros
1124 853 1173 880 ne
1204 842 1320 880 crede
1350 843 1497 886 timeri,
1544 875 1560 880 -

491 922 541 947 634
670 907 767 945 Dum
800 908 891 946 sinis
922 920 942 945 a
973 907 1104 946 Marco
1136 907 1346 947 semileone
1377 910 1477 959 peti:

557 975 686 1025 Usque
709 974 805 1012 adeo
826 974 953 1024 pudor
976 979 1051 1018 est,
1075 975 1178 1025 quod
1199 987 1271 1012 nos
1292 976 1434 1014 Veneta
1457 987 1564 1014 arma
1584 975 1793 1014 lacessant:

669 1041 768 1080 Tum
800 1041 891 1092 quid
923 1042 953 1079 si
985 1046 1118 1079 contra
1151 1046 1190 1079 tu
1222 1041 1315 1080 nihil
1347 1054 1462 1080 ausus
1493 1042 1582 1081 eas?

559 1107 723 1148 Consule
753 1107 1015 1158 temporibus,
1048 1108 1199 1146 videant
1230 1113 1294 1146 tua
1325 1108 1423 1149 sacta
1454 1114 1633 1160 nepotes,

490 1188 539 1215 ess
668 1175 844 1226 Dumque
874 1174 973 1219 licet,
1006 1175 1146 1213 famam
1178 1175 1414 1225 posteritatis
1445 1176 1525 1213 adi:

558 1242 688 1282 Gloria
719 1247 915 1293 quaeratur
944 1241 1013 1280 tihi
1043 1241 1224 1280 Persidos
1255 1242 1391 1281 {emula
1425 1242 1531 1294 Cyri',

669 1309 800 1348 Nitere
830 1308 958 1347 Pellaei
989 1310 1142 1348 vincere
1174 1314 1280 1359 gesta
1312 1309 1440 1353 ducis;

558 1377 614 1416 Ad
645 1376 960 1415 Lacedaemonios
991 1378 1121 1415 animo
1154 1377 1343 1415 contende
1375 1376 1615 1427 triumphos,

489 1458 538 1484 θεν.»
667 1443 874 1482 Thebanas
904 1443 1039 1482 laudes
1071 1443 1381 1494 Cecropiumque
1412 1444 1551 1487 decns;

557 1511 674 1550 Vince
705 1522 840 1560 graves
870 1511 1012 1549 Marios
1044 1512 1182 1550 virtute
1213 1510 1442 1561 amplosque
1473 1510 1664 1554 Metellos,

671 1577 888 1622 fabricios,
922 1579 1058 1617 Curios
1089 1578 1365 1628 Scipiadasque
1394 1577 1540 1622 bonos,

557 1646 863 1696 Pompeiumque
895 1656 1044 1689 senem,
1079 1645 1146 1684 sed
1178 1645 1303 1683 adhuc
1335 1656 1401 1683 sua
1435 1644 1510 1683 fata
1542 1650 1788 1696 sequentem,

490 1726 541 1753 696
670 1711 839 1761 Quaeque
870 1713 1063 1762 repentini
1094 1711 1255 1750 Cfcsaris
1285 1717 1368 1750 acta
1401 1718 1554 1751 canunt.

560 1859 712 1895 Consule
745 1859 988 1907 temporibus,
1019 1859 1159 1895 videant
1191 1866 1251 1895 tua
1283 1859 1373 1895 saeta
1405 1865 1574 1907 nepotes,
1925 1871 1998 1903 (687)

491 1927 539 1954 3534
674 1916 785 1962 thue
808 1921 928 1961 poles,
961 1915 1089 1951 famam
1119 1916 1346 1963 posteritatis
1378 1916 1444 1951 adi.
1925 1927 1998 1959 (688)

558 1971 680 2018 Effice
699 1977 786 2018 post
815 1973 941 2007 multos
969 1973 1018 2007 sis
1047 1974 1292 2007 testatissimus
1322 1982 1438 2007 annos

672 2030 786 2075 Atque
816 2029 949 2074 aliquis
979 2028 1074 2063 (licat
1104 2028 1222 2075 ‘fortis
1253 2032 1285 2063 et
1311 2029 1369 2063 ille
1395 2027 1501 2074 fuist·

565 2084 676 2132 thue
699 2086 774 2120 suis
804 2084 922 2131 Cyrus
951 2085 1021 2119 iam
1046 2095 1144 2119 nunc
1168 2094 1308 2131 quoque
1338 2086 1418 2121 vicit
1443 2084 1487 2119 ab
1515 2086 1648 2129 armis,
1925 2095 1999 2128 (689)

490 2152 539 2180 355
676 2141 719 2177 Ut
741 2140 896 2176 Macedo
922 2151 1048 2176 nomen
1079 2142 1173 2175 misit
1201 2141 1251 2175 ad
1275 2145 1376 2175 astra
1403 2150 1528 2185 suum,
1926 2151 1999 2184 (690)

556 2196 705 2243 Aequor
732 2202 770 2232 ut
793 2199 1003 2232 immensum
1034 2199 1116 2243 teqit
1143 2201 1244 2231 arcto
1273 2197 1379 2231 milite
1407 2197 1574 2238 Xera-es,

678 2252 720 2288 Ut
744 2253 833 2299 fera
860 2253 990 2288 Iesscei
1013 2254 1147 2299 prcelia
1181 2254 1277 2299 reglis
1310 2262 1432 2291 amas;

567 2308 610 2344 Ut
637 2308 925 2345 Lacedaemonios
956 2310 1090 2356 ingemi
1116 2309 1222 2344 laude
1253 2308 1453 2356 triumphos
1925 2318 1998 2351 (691)

492 2376 540 2404 392
669 2365 924 2412 Thebanasque
954 2375 1085 2400 manus
1107 2364 1368 2412 Cecropiosque
1397 2364 1523 2408 duces,
1925 2375 1999 2408 (692)

566 2421 677 2468 thue
707 2422 800 2468 leges
828 2421 974 2461 Marios,
1007 2421 1132 2467 Syllas
1158 2422 1368 2467 tetricosque
1400 2420 1571 2464 Calones,

669 2477 871 2517 Fabricios,
904 2477 1028 2512 Curios
1060 2476 1310 2524 Scipiadasque
1340 2476 1473 2516 honos,

559 2533 841 2581 Pompeiumque
873 2544 1011 2573 senem,
1045 2533 1105 2568 sed
1137 2533 1251 2569 adhue
1282 2544 1346 2568 sua
1377 2533 1466 2568 bella
1497 2538 1702 2575 novantem,

491 2600 541 2627 396
668 2588 825 2637 Qureque
857 2589 1035 2637 repentini
1066 2588 1213 2625 Caesaris
1245 2600 1351 2624 arma
1381 2594 1533 2625 canunt:
1925 2598 2000 2632 (696)

374 2732 423 2757 55⁴¹
450 2733 518 2765 Cui
545 2743 591 2765 m.
612 2730 656 2774 e.]
689 2732 896 2774 pauperior.
967 2731 1010 2752 ⁶5³
1034 2735 1110 2765 nat.
1139 2743 1157 2764 e
1182 2731 1230 2763 M.
1248 2730 1331 2773 viix]
1361 2731 1571 2764 Germanos.
1599 2731 1646 2764 ef.
1666 2732 1847 2773 Panegyr.
1872 2741 1905 2763 v.
1923 2729 2000 2762 289.

291 2788 334 2810 ⁶5⁹
360 2789 480 2821 emula
504 2791 537 2820 2.
609 2788 652 2808 5⁹⁰
676 2788 889 2820 Macedonis
913 2787 1122 2820 Alexandri.
1193 2786 1235 2807 ⁶⁹¹
1262 2788 1551 2819 Laeedemonios
1570 2790 1601 2819 2.
1673 2786 1716 2807 5⁹²
1742 2784 1911 2829 Cecrop.]
1937 2786 2000 2818 At-

290 2846 413 2878 ticum.
508 2843 551 2865 ⁶⁹⁵
575 2845 770 2887 Pompeius
803 2855 883 2876 eum
914 2844 1049 2876 bellum
1075 2843 1181 2875 civile
1207 2844 1358 2875 ineunte
1384 2855 1416 2876 a..
1435 2843 1488 2876 49.
1509 2854 1540 2875 a.
1561 2843 1645 2875 Chr.
1670 2843 1860 2885 inciperet,
1888 2852 2001 2874 annos

293 2901 369 2932 fere
387 2901 489 2933 LVII
506 2901 680 2932 habebat.
774 2900 816 2921 ‘³⁹⁶
847 2899 1003 2942 repent]
1034 2911 1122 2939 non,
1150 2903 1189 2931 ut
1207 2899 1281 2933 Cic.
1299 2899 1368 2932 hoe
1393 2900 1503 2932 verbo
1528 2900 1658 2939 utitur,
1684 2909 1816 2939 novus,
1841 2898 1999 2940 ignotus,
2015 2899 2025 2907 '

293 2956 356 2988 sed
380 2959 555 2998 promptae
581 2957 805 2988 fortitudinis
830 2957 947 2996 homo,
972 2956 1035 3001 ‘qui
1058 2955 1283 2987 Rubiconem
1308 2965 1371 2987 suo
1396 2960 1559 2998 tempore
1584 2955 1728 2987 transit.
1800 2953 1916 2981 5⁹³·Sqq·
1934 2954 2001 2985 Vi-

295 3012 391 3044 desis
415 3012 496 3044 Val.
514 3013 610 3044 Max.
631 3015 668 3044 et
693 3012 740 3043 cf.
759 3013 846 3044 Hor.
867 3013 922 3044 od.
940 3013 970 3044 Ι.
991 3011 1098 3050 1240.
1117 3022 1192 3053 sqq.

382 3067 425 3087 ³5⁹
450 3069 577 3100 Auson.
595 3069 685 3100 Mos.
704 3078 737 3100 v.
757 3067 832 3099 289.
853 3078 929 3110 sqq.
956 3068 1057 3107 ‘Quis
1081 3066 1258 3109 [miretur]
1283 3066 1529 3100 Chalcedonio
1563 3070 1785 3099 constratum
1817 3066 1861 3098 ab
1891 3066 1998 3099 litore
