2081 3517
578 213 736 234 HVTTENI
757 214 793 234 IN
814 214 982 235 TEMPORA
1001 214 1094 236 IVLII
1115 214 1266 236 SATYRA.
1676 196 1770 242 269

692 787 739 825 IN
772 786 1006 825 TEMPORA
1037 788 1150 827 IVLII

822 866 1023 905 SATYRA.

334 967 416 1005 Hoc
448 979 557 1005 mens
588 966 649 1005 illa
684 967 904 1013 hominum,
938 972 1089 1018 partem
1120 969 1254 1006 sortita
1287 969 1448 1007 deorum

335 1034 381 1073 Et
411 1047 501 1084 pars
533 1036 612 1086 ipsa
645 1034 724 1079 dei,
756 1036 900 1085 patitur
930 1048 971 1074 se
1003 1047 1139 1074 errore
1169 1037 1318 1075 teneri?

335 1102 411 1140 Has
442 1103 519 1140 ruit
549 1103 585 1140 in
618 1102 823 1141 tenebras?
854 1103 950 1141 adeo
982 1104 1064 1141 sine
1096 1103 1239 1142 lumine
1270 1105 1414 1149 fertur,

336 1169 383 1207 Ut
413 1169 559 1208 scelere
591 1171 661 1208 iste
693 1169 791 1208 latro
822 1170 993 1220 pollutus
1023 1170 1140 1209 Iulius
1172 1172 1276 1209 omni

301 1251 316 1275 5
339 1236 407 1275 Cui
437 1237 525 1275 velit
555 1237 733 1276 occludat
763 1237 922 1282 eoelum,
954 1250 1169 1288 rursusque
1200 1238 1376 1277 recludat

336 1304 402 1342 Cui
434 1303 541 1347 velit,
576 1310 611 1343 et
643 1306 763 1355 possit
793 1310 990 1343 momento
1022 1318 1215 1356 quemque
1246 1306 1399 1345 beatum

335 1372 518 1415 Efficere,
552 1377 617 1410 aut
648 1378 803 1417 contra,
837 1377 1024 1422 quantum
1057 1374 1298 1424 quiscunque
1330 1373 1428 1412 bene
1461 1374 1537 1423 egit

335 1439 382 1477 Et
412 1440 503 1477 vixit
533 1439 652 1484 bene,
685 1441 716 1478 si
747 1439 897 1484 lubeat,
930 1440 1138 1479 detrudere
1169 1441 1292 1490 possit

335 1507 390 1545 Ad
423 1508 573 1558 Stygias
604 1520 737 1557 poenas
769 1512 802 1546 et
826 1508 967 1546 Averni
999 1507 1158 1546 Tartara
1190 1508 1304 1552 Ditis,

287 1574 403 1618 10Et,
436 1575 538 1625 quod
571 1587 648 1613 non
681 1575 797 1613 habet
827 1576 928 1625 ipse,
962 1575 1044 1614 aliis
1075 1576 1302 1621 divendere,
1337 1575 1499 1614 coelum?

336 1643 465 1692 Usque
498 1642 593 1681 adeo
626 1644 750 1681 errori
781 1643 905 1681 divina
938 1642 1103 1681 obnoxia
1137 1655 1245 1682 mens
1277 1648 1352 1688 est,

335 1709 383 1747 Ut
413 1711 645 1760 piscatorem
677 1722 790 1761 posse
822 1712 950 1749 onmia
982 1716 1134 1750 vertere
1166 1710 1291 1749 Iulum

337 1777 476 1816 Credat
507 1782 543 1816 et
573 1779 688 1816 invito
721 1777 837 1816 coelos
869 1779 1089 1828 expendere
1121 1778 1297 1817 Christo?
1573 1781 1593 1805 ⁸

336 1845 383 1883 Et
414 1857 517 1882 nune
549 1844 611 1883 ille
645 1858 779 1896 vagum
812 1847 959 1896 spargit
989 1847 1177 1896 promissa
1211 1859 1281 1897 per
1313 1846 1470 1892 orbem,

287 1926 316 1950 15
339 1913 411 1958 Qui
443 1912 586 1951 caedem
620 1917 657 1951 et
687 1913 806 1951 furias
836 1913 1101 1964 scelerataque
1134 1919 1256 1952 castra
1288 1919 1499 1964 sequantur

336 1980 384 2018 Se
416 1981 533 2024 duce,
566 1985 607 2018 ut
637 1981 695 2018 his
727 1980 864 2019 coelum
897 1986 1041 2031 pateat:
1075 1994 1148 2031 qua
1182 1982 1316 2020 fraude
1346 1987 1402 2019 tot
1432 1981 1550 2020 urbes

335 2048 380 2086 Et
412 2054 467 2086 tot
497 2049 666 2099 perdidit
697 2047 758 2087 ille
790 2049 922 2093 duces,
954 2054 1009 2086 tot
1040 2048 1141 2087 milia
1174 2050 1287 2087 morti

337 2116 529 2161 Tradidit,
564 2121 600 2155 et
630 2116 740 2166 pulsa
772 2116 920 2154 induxit
950 2115 1049 2155 bella
1081 2117 1182 2155 acria
1215 2129 1330 2167 pace,

336 2183 684 2234 Tranquillumque
716 2184 780 2222 diu
812 2183 1054 2223 discordibus
1085 2184 1207 2222 induit
1237 2185 1354 2222 armis

285 2264 317 2289 20
340 2250 385 2288 Et
415 2251 562 2290 scelere
594 2251 764 2302 implerit
794 2252 1002 2296 mundum,
1036 2252 1168 2302 fasque
1200 2264 1314 2290 omne
1345 2252 1530 2302 nefasque

336 2319 504 2363 Miscuit,
538 2320 655 2369 inque
687 2321 758 2358 isto
791 2324 946 2358 caneret
978 2332 1064 2358 cum
1097 2318 1253 2358 classica
1285 2324 1411 2363 motu,

337 2386 531 2436 Naufraga
563 2387 702 2438 direpti
734 2388 841 2425 finxit
871 2388 1104 2437 patrimonia
1136 2388 1239 2426 Petri

336 2454 494 2492 Vindice
525 2466 566 2493 se
596 2454 698 2493 bello
731 2466 906 2493 asserere
937 2460 1051 2505 atque
1084 2454 1261 2494 uleiscier
1292 2456 1422 2493 armis.

337 2520 499 2572 Quoque
531 2523 658 2561 minus
689 2522 759 2561 sibi
792 2521 909 2560 verba
942 2523 1024 2561 dari
1056 2523 1141 2573 quis
1171 2523 1329 2568 sentiat,
1362 2522 1495 2574 implet

285 2603 317 2627 25
339 2589 537 2628 Maiestate
567 2590 693 2634 nefas,
727 2595 763 2628 et
793 2589 1043 2640 stipatoribus
1074 2590 1146 2629 illis

69 2711 158 2743 Haec
190 2713 304 2744 satira
338 2723 416 2744 eum
449 2713 635 2755 epitaphio
667 2713 720 2745 ita
752 2719 833 2756 post
864 2715 1163 2756 epigrammatum
1197 2714 1242 2745 ad
1266 2713 1557 2746 Maximilianum
1583 2714 1712 2746 librum
1740 2726 1774 2747 a.

72 2767 165 2800 1519.
185 2769 320 2800 editum
346 2769 444 2809 (Ind.
464 2769 551 2800 bibl.
572 2771 647 2801 XX.
670 2770 720 2811 1.)
756 2774 838 2802 ante
871 2770 1054 2802 heroicum
1086 2771 1129 2802 de
1162 2771 1351 2812 piscatura
1376 2771 1595 2802 Venetorum
1621 2771 1772 2813 legitur;

69 2825 274 2856 recentiora
300 2825 466 2867 exempla
486 2826 575 2856 (XX.
595 2826 709 2866 2...4.)
728 2830 808 2867 post
827 2828 1092 2869 epigrammata
1119 2837 1161 2857 ex
1186 2826 1273 2858 urbe
1293 2828 1402 2858 missa
1419 2827 1568 2858 satiram
1588 2827 1774 2859 exhibent.

68 2880 180 2912 Extat
206 2882 316 2912 etiam
342 2882 379 2912 in
398 2881 613 2923 Pasquillor.
641 2885 725 2913 tom.
746 2883 790 2913 ΙΙ.
809 2894 842 2924 p.
862 2882 997 2915 89...91.
1028 2889 1063 2915 et
1087 2883 1123 2913 in
1148 2883 1333 2924 Pasquillo
1361 2884 1520 2915 extatieo
1538 2895 1570 2925 p.
1593 2883 1773 2915 184...186.

157 2982 247 3014 Haee
281 2993 420 3025 quoqne
454 2984 568 3015 satira
603 2983 753 3015 Lutheri
787 2985 942 3016 thesium
975 2984 1225 3027 publicatione
1259 2985 1441 3026 antiquior
1473 2988 1540 3017 est.
1589 2986 1774 3028 Cf.s11p1·a

71 3039 183 3080 epigr.
207 3039 277 3070 145.
299 3050 373 3081 sqq.
453 3039 465 3058 ⁶
492 3049 624 3081 quenqj
645 3043 673 3071 1.
752 3040 764 3059 ⁷
791 3042 812 3071 i.
834 3052 862 3072 e.
885 3045 1210 3082 quantumcumque
1238 3042 1317 3085 quis
1342 3041 1434 3073 bene
1462 3042 1591 3083 egerit.
1675 3041 1700 3062 ¹³
1728 3043 1773 3074 cf.

70 3095 182 3136 epigr.
203 3095 275 3126 147.
295 3107 327 3127 v.
347 3096 378 3126 8.
453 3095 479 3114 ¹⁷
505 3096 552 3127 cf.
574 3098 685 3138 epigr.
710 3096 781 3127 144.
802 3109 833 3129 v.
859 3098 908 3130 lo.
980 3097 1095 3128 millia
1122 3100 1215 3128 204.
1287 3096 1315 3116 ²⁸
1340 3098 1453 3130 verba
1471 3096 1518 3139 d.]
1547 3098 1661 3130 illudi.
