2081 3517
87 224 203 247 EPIST.
218 224 401 246 VDELONIS
421 225 558 246 CYMBRI
579 223 713 246 CVSANI
732 224 776 245 DE
792 223 918 246 EXVST.
930 223 1250 246 LIBROR.LVTHER1
1266 223 1309 244 ΕΤ
1325 223 1457 245 CHVNR.
1469 223 1643 247 SARCTOR.
1694 205 1789 250 469

532 324 826 357 EXPOSTVLA
836 324 913 356 TIO
940 326 1046 358 CVM
1067 324 1344 356 ALEANDRO.

198 406 278 441 Iam
309 415 394 441 vero
421 410 455 440 te
479 406 722 451 appellamus,
749 406 934 441 Aleander
954 407 1081 451 Apella
1096 435 1103 448 ‚
1135 409 1309 453 quotquot
1328 416 1452 440 sumus
1473 407 1647 451 evanqelii
1665 407 1796 442 Christi

85 465 316 504 adsertores,
348 472 415 496 cur
438 466 498 503 tu,
524 461 695 507 fugatim,
719 462 900 496 derelictis
916 464 1052 496 castris
1075 463 1145 497 tuis
1158 463 1380 507 proditurus
1400 462 1604 496 libertatem
1625 466 1791 497 nostram

85 520 135 554 ad
162 529 227 553 nos
257 517 483 563 confuqisti?
530 528 597 551 eur
625 520 664 551 tu
694 527 801 552 sucro
833 522 1072 563 reqeneratus
1098 519 1249 563 flumine
1279 521 1413 552 sancta
1443 522 1573 552 nostra
1600 518 1732 562 polluis
1757 524 1791 552 et

52 588 66 610 5
85 575 224 610 revelas
254 574 430 619 mysteria
460 573 621 607 hostibus
647 577 966 608 sacramentorum
998 573 1158 609 Christi?
1187 584 1255 608 cur
1287 577 1325 607 tu
1353 574 1507 608 desertis
1537 574 1710 618 apostolis
1738 575 1796 608 dei

84 631 269 666 consilium
296 630 364 663 inis
388 639 467 663 cum
490 629 764 673 maqistratibus
794 632 827 663 et
852 629 1082 674 principibus
1112 630 1346 664 sacerdotum
1377 629 1420 664 (Ie
1434 629 1668 674 profliqando
1689 630 1794 664 verbo

84 688 164 721 dci?
202 685 284 720 Hoc
312 694 396 719 vero
426 688 467 718 ut
493 683 664 729 facereS,
703 684 884 729 quodnam
917 684 979 718 tibi
1000 686 1167 730 precium
1197 687 1464 720 constituerunt
1502 685 1716 720 Cardinales
1745 686 1797 719 illi

83 754 165 777 cum
194 751 261 776 suo
293 739 559 775 Sanctissimo‘.2
590 743 658 773 aut
688 750 756 784 quo
788 743 826 774 tu
847 741 924 774 illos
941 741 1074 785 glaudio
1094 741 1302 787 afficiebas,
1334 751 1414 775 cum
1438 744 1477 775 tu
1499 750 1517 775 e
1545 740 1662 775 media
1685 741 1793 775 turba

84 799 181 834 velut
211 798 308 831 alter
338 795 455 830 Iudas
485 795 697 830 Scariothes
722 796 971 841 scelerumque
1000 798 1175 842 mayister
1201 796 1435 842 prosiliebas,
1480 806 1565 831 voce
1595 797 1792 842 plusquam

42 866 70 891 10
82 854 262 898 sacrilequ
292 852 507 886 exclamans
540 850 650 893 ‘Quid
680 851 787 886 vultis
824 851 910 885 mihi
937 852 1046 894 dare,
1086 856 1121 887 et
1150 862 1212 898 eqo
1242 852 1336 887 vobis
1365 863 1445 887 eum
1477 848 1670 886 tradam?'
1710 852 1795 887 Hac

85 914 123 945 tu
144 909 187 944 (le
207 917 339 943 caussa
361 917 380 942 e
401 906 528 942 Iudceo
552 906 785 941 Christianus
804 907 932 953 sactus
953 917 1001 951 es,
1024 911 1063 942 ut
1084 918 1103 943 e
1126 908 1332 944 Christiano
1356 908 1501 943 landem
1522 908 1624 954 lonqe
1649 910 1795 954 turpius

85 966 206 1010 turpis
229 965 324 999 lucri
349 965 474 1009 qratia
504 965 539 997 in
561 962 788 997 Iudaismum
818 964 913 997 velut
943 964 993 998 ad
1021 966 1189 999 vomitum
1215 964 1423 999 recederes?
1452 963 1599 999 hoccine
1623 975 1793 1010 maqnum

84 1023 154 1057 erit
192 1020 398 1065 exemplum
428 1018 565 1054 Iudceis
594 1020 741 1053 ccetcris
771 1020 995 1065 arripiendae
1026 1020 1247 1056 Christiana>
1273 1021 1362 1065 fidei
1370 1048 1377 1063 ,
1423 1030 1504 1054 cum
1537 1023 1640 1054 tanto
1665 1021 1792 1065 precio

84 1077 238 1113 conduci
276 1076 433 1111 viderint
475 1075 695 1111 Christianae
736 1075 823 1120 Zeqis
852 1076 1163 1111 calumniatores?
1211 1075 1282 1110 hac
1312 1076 1355 1110 de
1385 1085 1519 1110 caussa
1549 1085 1728 1110 ornavere
1759 1079 1794 1110 te

41 1147 69 1171 15
87 1134 224 1169 Gratioe
255 1135 309 1167 tot
340 1132 490 1177 linquis,
519 1134 571 1165 tot
602 1133 686 1165 item
717 1131 855 1173 literis,
888 1134 927 1165 ut
956 1132 1133 1166 hominum
1163 1133 1338 1174 omnium,
1366 1132 1429 1177 qui
1451 1141 1553 1176 pano
1582 1135 1790 1174 vescuntur,

81 1189 352 1236 inqratissimus
382 1189 492 1234 leqem
517 1187 654 1223 Christi
674 1190 712 1221 tu
739 1190 998 1232 oppuqnares?
1025 1187 1333 1232 Simplicissimum
1355 1191 1408 1222 est
1430 1187 1665 1233 Evanqelium
1688 1187 1790 1222 Chri-

81 1247 149 1288 sti‚
180 1245 444 1290 simplicissima
475 1246 529 1278 est
560 1243 730 1277 doctrina
751 1243 1031 1288 Apostolorum,
1063 1253 1146 1278 vere
1175 1244 1332 1288 simplem
1361 1247 1397 1278 et
1418 1243 1575 1277 camlida
1597 1246 1681 1277 erat
1710 1244 1791 1278 olim

80 1312 130 1337 esc
161 1304 235 1335 tam
265 1300 484 1345 simplicibus
514 1300 717 1344 prceceptis
745 1300 916 1333 instituta
947 1299 1125 1334 Ecclesia.
1171 1299 1280 1334 Hanc
1312 1303 1369 1342 tu,
1404 1300 1630 1344 flagitiorum
1656 1300 1792 1342 messis,

81 1357 271 1392 sceleratis
301 1356 535 1391 obscuratam
567 1355 701 1401 leqibus
731 1358 766 1389 et
795 1354 964 1400 turpibus
985 1356 1165 1390 inversam
1188 1355 1504 1390 constitutionibus
1529 1357 1792 1400 remerqentem

35 1426 68 1451 20
82 1413 184 1448 modo
205 1413 384 1455 moraris,
409 1411 636 1457 perturbas,
667 1411 853 1456 opprimis.
886 1410 975 1445 heus
998 1414 1054 1452 tu,
1087 1411 1289 1455 Aleander,
1321 1411 1443 1445 desine
1473 1420 1690 1456 oppuynare
1716 1411 1791 1456 qlo-

81 1471 176 1504 riam
207 1468 363 1511 Christi,
403 1469 508 1503 cuius
539 1470 578 1501 tu
611 1466 851 1512 defendendce
878 1467 1004 1512 qratia
1035 1468 1249 1512 sanquinem
1282 1470 1382 1501 ticum
1412 1466 1603 1512 effundere
1630 1470 1793 1511 paratus

81 1535 159 1561 esse
189 1525 350 1559 debuisti.
382 1524 518 1570 quodni
544 1532 663 1557 cesses
692 1523 843 1565 saevire,
873 1522 1040 1568 laqueum
1062 1522 1282 1567 parabimus
1314 1522 1396 1565 tibi,
1437 1533 1506 1568 quo
1539 1525 1615 1556 tute
1647 1522 1792 1556 tandem

83 1586 117 1617 te
145 1583 262 1627 ipsum
292 1581 452 1626 iuqules:
479 1579 664 1625 pendulus
693 1589 711 1614 e
739 1588 899 1624 procera
929 1588 1067 1623 quercu
1099 1579 1271 1625 resipisce
1297 1583 1333 1614 et
1359 1577 1592 1624 postmodum
1621 1578 1719 1614 vale!

80 1727 234 1769 triginta
266 1725 465 1757 carminum
489 1723 661 1765 mysterio
686 1733 758 1755 non
782 1724 905 1755 vacat.
939 1733 1013 1764 quoe
1042 1723 1144 1755 verba
1168 1733 1214 1754 ex
1245 1723 1347 1764 ipsius
1377 1723 1532 1754 carminis
1561 1732 1711 1754 versuum
1735 1734 1793 1754 nu-

79 1794 169 1815 mero
193 1783 369 1824 ultimoque
393 1781 535 1813 disticho
560 1780 786 1821 explicantur.

170 1840 258 1870 Hcec
284 1836 527 1880 expostulatio
551 1837 585 1867 in
611 1838 640 1868 1.
660 1839 692 1867 et
719 1837 753 1865 G.
773 1845 837 1866 non
862 1836 994 1876 legitur.
1064 1833 1078 1855 4
1104 1834 1159 1867 Cf.
1177 1835 1350 1867 Proverb.
1368 1835 1445 1866 XX.
1468 1834 1518 1866 19.
1536 1834 1794 1868 Eeclesiastici

82 1895 231 1929 XXVII.
249 1895 305 1926 ⁶24.
378 1892 404 1913 ¹5
431 1892 487 1925 Cf.
505 1891 577 1924 vol.
597 1892 645 1924 ΙΙ.
665 1903 699 1934 p.
720 1890 773 1923 16.
793 1892 823 1930 ξ.
843 1890 896 1923 32.
