2081 3517
331 208 564 240 ADDENDA
583 209 647 240 AD
665 208 774 241 VOL.
795 209 841 241 II.
869 206 1105 241 cccxxxx11*.
1125 218 1298 240 ASCLEPII
1317 219 1476 242 BARBATI
1495 221 1762 246 PANEGYRICVS.
1806 206 1899 250 557

988 320 1106 353 CLIO.

466 377 594 412 Nullas
622 378 736 412 honos
758 379 861 424 fidei,
892 388 959 413 nec
991 383 1074 413 erat
1105 380 1311 414 reverentia
1341 380 1478 426 lequm,

398 443 446 469 275
469 433 611 479 Absque
635 435 708 478 fide
738 437 772 468 et
800 435 876 469 sola
898 436 1049 480 periere
1077 435 1219 469 libidine
1248 436 1358 470 cives.-

465 489 663 532 Restitais‚
695 490 914 533 Francisce,
946 491 1079 525 {locens
1106 502 1178 526 non
1206 500 1320 536 usque
1350 492 1459 527 licere

464 543 569 587 Quod
596 545 697 587 libet,
725 546 897 580 utendum
928 547 1047 592 (liqitis
1077 550 1113 581 et
1142 547 1276 593 leqibus
1303 557 1391 582 esse.

918 610 1171 641 CALLIOPE.

462 666 566 712 Leqis
590 666 723 702 abusus
752 672 833 702 erat
861 677 920 701 res
944 670 1190 712 emendanda,
1217 670 1283 703 sed
1309 671 1379 715 ipsi

459 721 675 767 Pontificum
707 733 864 757 canones
887 724 939 757 nil
963 725 1144 770 reliqionis
1173 725 1374 768 habebant,

392 788 442 813 280
464 779 512 812 Et
543 779 660 813 malus
689 788 777 813 usus
805 784 907 821 erat,
936 789 981 814 ne
1010 791 1081 815 non
1111 781 1224 815 bonus
1253 786 1345 816 esset
1374 782 1531 818 abusus:

458 834 529 868 Hic
559 834 662 869 labor
690 834 875 877 Hulteno‚
910 846 1068 871 canones
1092 847 1224 871 arcere
1249 837 1440 883 nefandos.

990 899 1110 931 CLIO.

458 957 572 991 Arma
600 966 702 991 meus
731 957 817 991 colit
844 957 922 996 hic,
954 958 1103 993 dicendo
1127 960 1235 993 vincit
1263 959 1462 1005 Erasmus,

465 1013 665 1058 Utramque
694 1014 843 1058 insiqnis
871 1013 1059 1048 Huttenus
1085 1016 1324 1060 consequitur
1353 1027 1453 1051 rem:

459 1069 546 1114 Ipsa
576 1070 693 1103 minas
726 1079 906 1104 canonum
928 1071 1069 1114 pietas,
1100 1082 1172 1105 non
1203 1082 1308 1106 arma
1337 1072 1492 1108 Lutheri

391 1135 440 1159 ‘22⁴5
464 1125 621 1171 Infreqit
651 1125 803 1171 talisque
828 1126 969 1161 animus
997 1127 1194 1162 studiosior
1222 1138 1348 1163 ausus.

914 1190 1169 1223 CALLIOPE.

460 1247 521 1281 Nil
548 1248 659 1282 valuit
684 1248 826 1294 pietas,
857 1248 1005 1283 cedebat
1036 1249 1169 1284 viribus
1191 1249 1250 1284 illa

460 1303 508 1337 Et
537 1303 657 1338 decuit
688 1305 782 1338 vires
810 1305 1003 1339 adversum
1034 1305 1169 1340 viribus
1190 1307 1263 1340 uti:

458 1359 530 1393 Hic
559 1360 703 1406 linqua,
735 1359 793 1394 hie
822 1360 1056 1407 manibusque
1085 1361 1257 1396 bonorum
1286 1362 1429 1408 [cedere
1453 1365 1575 1399 iuncto

458 1415 522 1451 Et.
538 1415 703 1451 libertati
719 1417 899 1461 pietatem
929 1417 1102 1451 adiunxit
1129 1421 1165 1451 et
1188 1429 1306 1453 arma.

982 1480 1101 1512 CLIO.

390 1548 439 1573 2⁰0
462 1539 619 1574 Foedera
650 1542 864 1583 cessarant,
893 1541 1067 1573 immersit
1091 1542 1241 1586 sponqia
1275 1543 1383 1585 votis,

458 1594 741 1641 Muneribusque
771 1597 885 1641 maqis
915 1595 1024 1630 valuit
1056 1597 1118 1640 qui
1145 1606 1286 1631 summa
1317 1602 1351 1632 et
1381 1609 1488 1644 opum
1517 1600 1552 1633 vi

458 1652 571 1687 Cerea
598 1655 776 1698 corrupto
800 1662 875 1697 pro
904 1655 984 1687 voto
1014 1653 1098 1686 iura
1129 1653 1280 1687 redemit
1292 1668 1303 1687 .-

458 1707 651 1742 Promissis
677 1708 797 1743 (locuit
830 1708 1056 1742 Franciscus
1085 1711 1189 1743 stare
1218 1710 1396 1755 superbis.

914 1782 1169 1816 CALLIOPE.

460 1841 653 1876 Errabant
681 1842 771 1886 fieta
801 1842 945 1889 decepti
972 1843 1164 1888 reliquam,

391 1908 439 1932 ‘295
465 1897 539 1931 Nec
567 1898 716 1943 quibant
747 1899 876 1933 monili
902 1897 1020 1933 verbis
1049 1900 1266 1944 resipiscere
1300 1901 1395 1935 cives
1404 1916 1413 1939 ;

461 1953 535 1988 Sea
552 1958 748 2000 postquam
774 1954 933 1989 Hutteni
961 1955 1100 1989 calamo
1129 1956 1318 2001 qladioque
1342 1956 1519 2002 peribant

459 2010 678 2055 Pontificum
709 2021 833 2057 nuqce,
862 2011 925 2056 qui
951 2011 1022 2045 iam
1046 2012 1196 2056 periere
1222 2015 1374 2057 reperti.

983 2085 1103 2117 CLIO.

458 2142 682 2178 Flectuntur
711 2145 851 2188 miseri,
879 2145 1069 2190 pelluntur
1095 2145 1227 2191 finibus
1257 2148 1364 2192 ceqri,

463 2199 582 2235 Exitio
611 2202 754 2243 tristes,
787 2201 895 2236 rebus
920 2201 1126 2236 multantur
1152 2204 1272 2247 eqeni:

391 2266 440 2291 300
461 2256 680 2291 Flectuntur
709 2260 833 2292 sontes
857 2257 1057 2292 Francisco
1089 2261 1220 2293 autore
1249 2259 1414 2305 reditque

460 2312 564 2347 Eoeul
587 2316 623 2347 et
646 2314 787 2348 centissis
812 2312 961 2359 fruitur
992 2314 1195 2349 melioribus
1221 2314 1363 2361 hospes.

915 2388 1170 2422 CALLIOPE.

461 2446 568 2481 Sava
595 2449 833 2492 papistarum
861 2448 992 2483 vindex
1023 2452 1205 2484 tormenta
1233 2448 1404 2484 coherces

461 2503 683 2548 Carnificum
713 2508 747 2538 et
772 2503 954 2551 profuqos
984 2514 1131 2547 servas,
1167 2504 1351 2548 Himerae,
1375 2506 1520 2551 fideleS‚

460 2559 627 2605 Dumque
658 2560 748 2594 alios
778 2563 857 2595 tuto
885 2561 1032 2595 conaris
1060 2562 1192 2596 sistere
1215 2566 1351 2607 porta,

393 2625 443 2651 305
469 2615 560 2650 Tute
587 2616 703 2662 ipsum
737 2615 859 2662 Scylla
889 2618 1021 2663 merqis
1049 2618 1236 2663 mediaque
1269 2617 1463 2664 Charybdi.

984 2691 1104 2724 CLIO.

461 2748 571 2786 Hunc
601 2751 760 2797 aliosque
789 2751 896 2786 simul
923 2761 1017 2787 scevo
1047 2751 1274 2786 Franciscus
1302 2751 1347 2785 ab
1372 2754 1464 2787 cesta

462 2808 596 2842 Area-it
624 2807 832 2853 mediusque
862 2808 954 2842 viam
986 2811 1040 2841 est
1068 2808 1213 2843 molitus
1240 2808 1275 2842 in
1301 2807 1459 2843 hostem.-

466 2863 497 2897 T
496 2867 610 2898 antus
640 2875 743 2899 (lnior
767 2864 844 2898 veri
852 2891 860 2906 ,
894 2866 1000 2898 tanta
1029 2867 1084 2898 est
1112 2865 1317 2898 reverentia
1349 2863 1501 2906 Christi,

460 2918 537 2955 Pro
568 2921 670 2955 euius
699 2921 804 2955 toties
833 2921 903 2954 iam
930 2919 1101 2955 libertate
1129 2920 1292 2955 rebellat.

283 3028 326 3049 ²⁷⁷
350 3029 466 3071 ligitis
492 3032 532 3062 M.
616 3028 659 3048 ²⁷³⁰
685 3028 852 3061 caedebat
876 3032 919 3059 M.
1004 3027 1044 3048 '2⁹¹
1071 3029 1187 3062 voluit
1211 3033 1254 3065 M,
1339 3029 1381 3050 ²9²
1407 3030 1534 3064 Caerea
1558 3033 1601 3066 M.

194 3086 216 3118 i.
235 3096 263 3118 e.
282 3086 413 3117 salvati.
482 3083 527 3105 ³⁰⁰
552 3085 670 3116 fontes
695 3088 738 3117 M,
809 3084 853 3105 305
878 3085 1064 3117 Charibdi.
1084 3089 1126 3118 M.

1685 3030 1729 3052 ²9⁷
1754 3030 1903 3076 reperti]
