<?xml version="1.0" encoding="UTF-8"?>
<!DOCTYPE html PUBLIC "-//W3C//DTD XHTML 1.0 Transitional//EN"
    "http://www.w3.org/TR/xhtml1/DTD/xhtml1-transitional.dtd">
<html xmlns="http://www.w3.org/1999/xhtml" xml:lang="en" lang="en">
 <head>
  <title>
</title>
<meta http-equiv="Content-Type" content="text/html;charset=utf-8" />
  <meta name='ocr-system' content='tesseract 3.04.00' />
  <meta name='ocr-capabilities' content='ocr_page ocr_carea ocr_par ocr_line ocrx_word'/>
</head>
<body>
  <div class='ocr_page' id='page_1' title='image "./operaquaereperir03huttuoft/operaquaereperir03huttuoft_0233.png"; bbox 0 0 2081 3517; ppageno 0'>
   <div class='ocr_carea' id='block_1_1' title="bbox 297 226 1818 270">
    <p class='ocr_par' dir='ltr' id='par_1_1' title="bbox 297 226 1818 270">
     <span class='ocr_line' id='line_1_1' title="bbox 297 226 1818 270; baseline 0.004 -10"><span class='ocrx_word' id='word_1_1' title='bbox 297 239 344 260; x_wconf 73' lang='lat' dir='ltr'><em>AD</em></span> <span class='ocrx_word' id='word_1_2' title='bbox 362 241 570 262; x_wconf 76' lang='lat' dir='ltr'>ELECTORES</span> <span class='ocrx_word' id='word_1_3' title='bbox 590 241 810 268; x_wconf 74' lang='lat' dir='ltr'><em>RELIQVOSQ.</em></span> <span class='ocrx_word' id='word_1_4' title='bbox 832 242 1084 264; x_wconf 64' lang='lat' dir='ltr'><strong>GERMANORVM</strong></span> <span class='ocrx_word' id='word_1_5' title='bbox 1104 242 1297 263; x_wconf 61' lang='lat' dir='ltr'>PRINCIPES</span> <span class='ocrx_word' id='word_1_6' title='bbox 1318 241 1462 263; x_wconf 65' lang='lat' dir='ltr'><strong>CARMEN</strong></span> <span class='ocrx_word' id='word_1_7' title='bbox 1481 244 1640 265; x_wconf 74' lang='lat' dir='ltr'><strong>hXHOR&#39;l&#39;.</strong></span> <span class='ocrx_word' id='word_1_8' title='bbox 1728 226 1818 270; x_wconf 65' lang='lat'><em>197</em></span> 
     </span>
    </p>
   </div>
   <div class='ocr_carea' id='block_1_2' title="bbox 311 344 1537 1294">
    <p class='ocr_par' dir='ltr' id='par_1_2' title="bbox 384 344 1273 392">
     <span class='ocr_line' id='line_1_2' title="bbox 384 344 1273 392; baseline 0.001 -12"><span class='ocrx_word' id='word_1_9' title='bbox 384 344 504 380; x_wconf 87' lang='lat' dir='ltr'><em>Iactat</em></span> <span class='ocrx_word' id='word_1_10' title='bbox 532 347 584 380; x_wconf 88' lang='lat' dir='ltr'><em>io!</em></span> <span class='ocrx_word' id='word_1_11' title='bbox 613 349 712 381; x_wconf 86' lang='lat' dir='ltr'><em>terra</em></span> <span class='ocrx_word' id='word_1_12' title='bbox 736 347 906 392; x_wconf 74' lang='lat' dir='ltr'><em>posuisse</em></span> <span class='ocrx_word' id='word_1_13' title='bbox 931 348 967 381; x_wconf 84' lang='lat' dir='ltr'><em>in</em></span> <span class='ocrx_word' id='word_1_14' title='bbox 995 347 1131 392; x_wconf 64' lang='lat' dir='ltr'><em>virgine</em></span> <span class='ocrx_word' id='word_1_15' title='bbox 1158 346 1273 382; x_wconf 86' lang='lat' dir='ltr'><em>sedes.</em></span> 
     </span>
    </p>

    <p class='ocr_par' dir='ltr' id='par_1_3' title="bbox 318 400 1537 672">
     <span class='ocr_line' id='line_1_3' title="bbox 318 400 1537 448; baseline 0.003 -13"><span class='ocrx_word' id='word_1_16' title='bbox 318 411 365 436; x_wconf 69' lang='lat'><em>140</em></span> <span class='ocrx_word' id='word_1_17' title='bbox 387 400 474 444; x_wconf 81' lang='lat' dir='ltr'><em>Quis</em></span> <span class='ocrx_word' id='word_1_18' title='bbox 499 401 601 448; x_wconf 84' lang='lat' dir='ltr'><em>ferat</em></span> <span class='ocrx_word' id='word_1_19' title='bbox 629 402 735 437; x_wconf 71' lang='lat' dir='ltr'><em>laec?</em></span> <span class='ocrx_word' id='word_1_20' title='bbox 763 402 836 437; x_wconf 83' lang='lat' dir='ltr'><em>Sed</em></span> <span class='ocrx_word' id='word_1_21' title='bbox 864 408 947 437; x_wconf 89' lang='lat' dir='ltr'><em>sunt</em></span> <span class='ocrx_word' id='word_1_22' title='bbox 969 404 1163 448; x_wconf 71' lang='lat' dir='ltr'><em>yraeiora:</em></span> <span class='ocrx_word' id='word_1_23' title='bbox 1194 404 1274 448; x_wconf 79' lang='lat' dir='ltr'><em>quis</em></span> <span class='ocrx_word' id='word_1_24' title='bbox 1302 402 1430 438; x_wconf 84' lang='lat' dir='ltr'><em>obstitit</em></span> <span class='ocrx_word' id='word_1_25' title='bbox 1457 405 1537 440; x_wconf 84' lang='lat' dir='ltr'><em>olim</em></span> 
     </span>
     <span class='ocr_line' id='line_1_4' title="bbox 383 457 1460 506; baseline 0.002 -14"><span class='ocrx_word' id='word_1_26' title='bbox 383 457 535 503; x_wconf 82' lang='lat' dir='ltr'><em>Semper</em></span> <span class='ocrx_word' id='word_1_27' title='bbox 563 461 596 493; x_wconf 91' lang='lat' dir='ltr'><em>et</em></span> <span class='ocrx_word' id='word_1_28' title='bbox 623 458 706 492; x_wconf 77' lang='lat' dir='ltr'><em>huic</em></span> <span class='ocrx_word' id='word_1_29' title='bbox 735 462 849 493; x_wconf 78' lang='lat' dir='ltr'><em>vestro</em></span> <span class='ocrx_word' id='word_1_30' title='bbox 873 459 1023 504; x_wconf 88' lang='lat' dir='ltr'><em>imperio</em></span> <span class='ocrx_word' id='word_1_31' title='bbox 1049 460 1162 505; x_wconf 62' lang='lat' dir='ltr'><em>anissis</em></span> <span class='ocrx_word' id='word_1_32' title='bbox 1186 459 1275 494; x_wconf 87' lang='lat' dir='ltr'><em>urbe</em></span> <span class='ocrx_word' id='word_1_33' title='bbox 1300 460 1460 506; x_wconf 81' lang='lat' dir='ltr'><em>superba</em></span> 
     </span>
     <span class='ocr_line' id='line_1_5' title="bbox 381 514 1353 563; baseline 0.002 -15"><span class='ocrx_word' id='word_1_34' title='bbox 381 514 572 548; x_wconf 82' lang='lat' dir='ltr'><em>Adriaca?</em></span> <span class='ocrx_word' id='word_1_35' title='bbox 601 524 650 548; x_wconf 70' lang='lat' dir='ltr'><em>esc</em></span> <span class='ocrx_word' id='word_1_36' title='bbox 680 515 738 549; x_wconf 87' lang='lat' dir='ltr'><em>illo</em></span> <span class='ocrx_word' id='word_1_37' title='bbox 769 515 840 548; x_wconf 86' lang='lat' dir='ltr'><em>iam</em></span> <span class='ocrx_word' id='word_1_38' title='bbox 872 519 944 549; x_wconf 88' lang='lat' dir='ltr'><em>tum</em></span> <span class='ocrx_word' id='word_1_39' title='bbox 974 526 1055 561; x_wconf 77' lang='lat' dir='ltr'><em>quse</em></span> <span class='ocrx_word' id='word_1_40' title='bbox 1079 516 1192 550; x_wconf 84' lang='lat' dir='ltr'><em>invisa</em></span> <span class='ocrx_word' id='word_1_41' title='bbox 1224 515 1353 563; x_wconf 81' lang='lat' dir='ltr'><em>Pipino</em></span> 
     </span>
     <span class='ocr_line' id='line_1_6' title="bbox 382 569 1365 616; baseline 0.002 -12"><span class='ocrx_word' id='word_1_42' title='bbox 382 569 429 604; x_wconf 89' lang='lat' dir='ltr'><em>Et</em></span> <span class='ocrx_word' id='word_1_43' title='bbox 453 570 587 604; x_wconf 84' lang='lat' dir='ltr'><em>devicta</em></span> <span class='ocrx_word' id='word_1_44' title='bbox 610 570 696 616; x_wconf 78' lang='lat' dir='ltr'><em>fuit,</em></span> <span class='ocrx_word' id='word_1_45' title='bbox 726 571 889 616; x_wconf 77' lang='lat' dir='ltr'><em>quamvis</em></span> <span class='ocrx_word' id='word_1_46' title='bbox 914 575 1033 616; x_wconf 70' lang='lat' dir='ltr'><em>neqel,</em></span> <span class='ocrx_word' id='word_1_47' title='bbox 1066 576 1098 605; x_wconf 89' lang='lat' dir='ltr'><em>et</em></span> <span class='ocrx_word' id='word_1_48' title='bbox 1127 576 1244 607; x_wconf 87' lang='lat' dir='ltr'><em>tamen</em></span> <span class='ocrx_word' id='word_1_49' title='bbox 1268 573 1365 607; x_wconf 87' lang='lat' dir='ltr'><em>illam</em></span> 
     </span>
     <span class='ocr_line' id='line_1_7' title="bbox 380 622 1176 672; baseline 0.003 -12"><span class='ocrx_word' id='word_1_50' title='bbox 380 622 654 671; x_wconf 80' lang='lat' dir='ltr'><em>Induperatrici</em></span> <span class='ocrx_word' id='word_1_51' title='bbox 679 625 838 672; x_wconf 72' lang='lat' dir='ltr'><em>Maynus</em></span> <span class='ocrx_word' id='word_1_52' title='bbox 868 628 1042 661; x_wconf 78' lang='lat' dir='ltr'><em>concessit</em></span> <span class='ocrx_word' id='word_1_53' title='bbox 1071 626 1176 662; x_wconf 84' lang='lat' dir='ltr'><em>Ireni</em></span> 
     </span>
    </p>

    <p class='ocr_par' dir='ltr' id='par_1_4' title="bbox 316 681 1351 837">
     <span class='ocr_line' id='line_1_8' title="bbox 316 681 1209 728; baseline 0.001 -10"><span class='ocrx_word' id='word_1_54' title='bbox 316 693 361 718; x_wconf 64' lang='lat'><em>145</em></span> <span class='ocrx_word' id='word_1_55' title='bbox 382 682 551 724; x_wconf 85' lang='lat' dir='ltr'><em>Carolus,</em></span> <span class='ocrx_word' id='word_1_56' title='bbox 583 681 692 716; x_wconf 82' lang='lat' dir='ltr'><em>Italia</em></span> <span class='ocrx_word' id='word_1_57' title='bbox 723 682 853 725; x_wconf 83' lang='lat' dir='ltr'><em>divisa,</em></span> <span class='ocrx_word' id='word_1_58' title='bbox 882 687 944 718; x_wconf 91' lang='lat' dir='ltr'><em>aut</em></span> <span class='ocrx_word' id='word_1_59' title='bbox 963 693 1063 728; x_wconf 86' lang='lat' dir='ltr'><em>pone</em></span> <span class='ocrx_word' id='word_1_60' title='bbox 1091 688 1209 719; x_wconf 83' lang='lat' dir='ltr'><em>seculo</em></span> 
     </span>
     <span class='ocr_line' id='line_1_9' title="bbox 379 737 1351 788; baseline 0.005 -16"><span class='ocrx_word' id='word_1_61' title='bbox 379 737 603 783; x_wconf 79' lang='lat' dir='ltr'><em>Niceplzoro;</em></span> <span class='ocrx_word' id='word_1_62' title='bbox 633 737 716 772; x_wconf 78' lang='lat' dir='ltr'><em>huic</em></span> <span class='ocrx_word' id='word_1_63' title='bbox 745 738 891 774; x_wconf 88' lang='lat' dir='ltr'><em>Primus</em></span> <span class='ocrx_word' id='word_1_64' title='bbox 915 743 982 774; x_wconf 90' lang='lat' dir='ltr'><em>loto</em></span> <span class='ocrx_word' id='word_1_65' title='bbox 1008 742 1214 775; x_wconf 87' lang='lat' dir='ltr'><em>commertia</em></span> <span class='ocrx_word' id='word_1_66' title='bbox 1238 751 1351 788; x_wconf 68' lang='lat' dir='ltr'><em>regyno</em></span> 
     </span>
     <span class='ocr_line' id='line_1_10' title="bbox 376 793 1230 837; baseline 0.002 -8"><span class='ocrx_word' id='word_1_67' title='bbox 376 793 572 829; x_wconf 68' lang='lat' dir='ltr'><em>Interdioeil</em></span> <span class='ocrx_word' id='word_1_68' title='bbox 599 793 706 837; x_wconf 76' lang='lat' dir='ltr'><em>omo,</em></span> <span class='ocrx_word' id='word_1_69' title='bbox 734 795 826 829; x_wconf 87' lang='lat' dir='ltr'><em>iusta</em></span> <span class='ocrx_word' id='word_1_70' title='bbox 855 805 1052 830; x_wconf 87' lang='lat' dir='ltr'><em>succensus</em></span> <span class='ocrx_word' id='word_1_71' title='bbox 1082 797 1126 831; x_wconf 93' lang='lat' dir='ltr'><em>ab</em></span> <span class='ocrx_word' id='word_1_72' title='bbox 1150 798 1230 833; x_wconf 82' lang='lat' dir='ltr'><em>ira.-</em></span> 
     </span>
    </p>

    <p class='ocr_par' dir='ltr' id='par_1_5' title="bbox 378 850 1435 954">
     <span class='ocr_line' id='line_1_11' title="bbox 380 850 1435 898; baseline 0.006 -14"><span class='ocrx_word' id='word_1_73' title='bbox 380 851 455 885; x_wconf 83' lang='lat' dir='ltr'><em>Nec</em></span> <span class='ocrx_word' id='word_1_74' title='bbox 486 852 603 885; x_wconf 86' lang='lat' dir='ltr'><em>minus</em></span> <span class='ocrx_word' id='word_1_75' title='bbox 632 850 794 885; x_wconf 83' lang='lat' dir='ltr'><em>Henrico</em></span> <span class='ocrx_word' id='word_1_76' title='bbox 825 863 847 886; x_wconf 92' lang='lat' dir='ltr'><em>a</em></span> <span class='ocrx_word' id='word_1_77' title='bbox 878 856 1008 898; x_wconf 81' lang='lat' dir='ltr'><em>quarto</em></span> <span class='ocrx_word' id='word_1_78' title='bbox 1039 853 1182 888; x_wconf 82' lang='lat' dir='ltr'><em>diversa</em></span> <span class='ocrx_word' id='word_1_79' title='bbox 1213 858 1336 889; x_wconf 86' lang='lat' dir='ltr'><em>notata</em></span> <span class='ocrx_word' id='word_1_80' title='bbox 1367 860 1435 897; x_wconf 85' lang='lat' dir='ltr'><em>cst,</em></span> 
     </span>
     <span class='ocr_line' id='line_1_12' title="bbox 378 907 1327 954; baseline 0.003 -12"><span class='ocrx_word' id='word_1_81' title='bbox 378 908 492 953; x_wconf 79' lang='lat' dir='ltr'><em>Atque</em></span> <span class='ocrx_word' id='word_1_82' title='bbox 522 907 621 943; x_wconf 74' lang='lat' dir='ltr'><em>atiis:</em></span> <span class='ocrx_word' id='word_1_83' title='bbox 652 907 730 942; x_wconf 81' lang='lat' dir='ltr'><em>odio</em></span> <span class='ocrx_word' id='word_1_84' title='bbox 756 908 822 942; x_wconf 76' lang='lat' dir='ltr'><em>sect</em></span> <span class='ocrx_word' id='word_1_85' title='bbox 847 910 939 943; x_wconf 87' lang='lat' dir='ltr'><em>enim</em></span> <span class='ocrx_word' id='word_1_86' title='bbox 958 909 1136 954; x_wconf 74' lang='lat' dir='ltr'><em>patefecit</em></span> <span class='ocrx_word' id='word_1_87' title='bbox 1164 909 1327 945; x_wconf 76' lang='lat' dir='ltr'><em>habenas</em></span> 
     </span>
    </p>

    <p class='ocr_par' dir='ltr' id='par_1_6' title="bbox 314 964 1335 1011">
     <span class='ocr_line' id='line_1_13' title="bbox 314 964 1335 1011; baseline 0.002 -12"><span class='ocrx_word' id='word_1_88' title='bbox 314 974 359 999; x_wconf 73' lang='lat'><em>150</em></span> <span class='ocrx_word' id='word_1_89' title='bbox 378 964 479 998; x_wconf 76' lang='lat' dir='ltr'><em>Ausa</em></span> <span class='ocrx_word' id='word_1_90' title='bbox 502 964 629 1009; x_wconf 88' lang='lat' dir='ltr'><em>palam</em></span> <span class='ocrx_word' id='word_1_91' title='bbox 660 973 738 998; x_wconf 89' lang='lat' dir='ltr'><em>sese</em></span> <span class='ocrx_word' id='word_1_92' title='bbox 764 964 957 999; x_wconf 83' lang='lat' dir='ltr'><em>Friderico</em></span> <span class='ocrx_word' id='word_1_93' title='bbox 985 975 1170 1010; x_wconf 84' lang='lat' dir='ltr'><em>opponere</em></span> <span class='ocrx_word' id='word_1_94' title='bbox 1196 967 1335 1011; x_wconf 82' lang='lat' dir='ltr'><em>primo,</em></span> 
     </span>
    </p>

    <p class='ocr_par' dir='ltr' id='par_1_7' title="bbox 376 1020 1368 1232">
     <span class='ocr_line' id='line_1_14' title="bbox 376 1020 1241 1066; baseline 0.002 -12"><span class='ocrx_word' id='word_1_95' title='bbox 376 1020 558 1066; x_wconf 78' lang='lat' dir='ltr'><em>Falsaque</em></span> <span class='ocrx_word' id='word_1_96' title='bbox 583 1021 716 1066; x_wconf 81' lang='lat' dir='ltr'><em>captivi</em></span> <span class='ocrx_word' id='word_1_97' title='bbox 738 1022 882 1056; x_wconf 86' lang='lat' dir='ltr'><em>mentiri</em></span> <span class='ocrx_word' id='word_1_98' title='bbox 906 1021 1047 1056; x_wconf 77' lang='lat' dir='ltr'><em>vincula</em></span> <span class='ocrx_word' id='word_1_99' title='bbox 1079 1021 1241 1064; x_wconf 76' lang='lat' dir='ltr'><em>Othonis,</em></span> 
     </span>
     <span class='ocr_line' id='line_1_15' title="bbox 379 1077 1348 1124; baseline 0.004 -14"><span class='ocrx_word' id='word_1_100' title='bbox 379 1077 495 1122; x_wconf 79' lang='lat' dir='ltr'><em>Atque</em></span> <span class='ocrx_word' id='word_1_101' title='bbox 523 1077 571 1110; x_wconf 89' lang='lat' dir='ltr'><em>ila</em></span> <span class='ocrx_word' id='word_1_102' title='bbox 598 1078 759 1112; x_wconf 87' lang='lat' dir='ltr'><em>mentitos</em></span> <span class='ocrx_word' id='word_1_103' title='bbox 786 1082 924 1112; x_wconf 75' lang='lat' dir='ltr'><em>ceterna</em></span> <span class='ocrx_word' id='word_1_104' title='bbox 952 1078 989 1112; x_wconf 85' lang='lat' dir='ltr'><em>in</em></span> <span class='ocrx_word' id='word_1_105' title='bbox 1017 1079 1127 1112; x_wconf 79' lang='lat' dir='ltr'><em>scecla</em></span> <span class='ocrx_word' id='word_1_106' title='bbox 1149 1079 1348 1124; x_wconf 76' lang='lat' dir='ltr'><em>triumphos</em></span> 
     </span>
     <span class='ocr_line' id='line_1_16' title="bbox 376 1133 1368 1180; baseline 0.004 -13"><span class='ocrx_word' id='word_1_107' title='bbox 376 1133 532 1179; x_wconf 64' lang='lat' dir='ltr'><em>Pingere</em></span> <span class='ocrx_word' id='word_1_108' title='bbox 563 1137 633 1167; x_wconf 90' lang='lat' dir='ltr'><em>tam</em></span> <span class='ocrx_word' id='word_1_109' title='bbox 664 1133 797 1168; x_wconf 80' lang='lat' dir='ltr'><em>celebri</em></span> <span class='ocrx_word' id='word_1_110' title='bbox 819 1134 1035 1179; x_wconf 80' lang='lat' dir='ltr'><em>spectandos</em></span> <span class='ocrx_word' id='word_1_111' title='bbox 1059 1139 1173 1180; x_wconf 85' lang='lat' dir='ltr'><em>parte</em></span> <span class='ocrx_word' id='word_1_112' title='bbox 1199 1135 1368 1180; x_wconf 53' lang='lat' dir='ltr'><em>superba?</em></span> 
     </span>
     <span class='ocr_line' id='line_1_17' title="bbox 382 1189 1269 1232; baseline 0.003 -9"><span class='ocrx_word' id='word_1_113' title='bbox 382 1189 505 1232; x_wconf 79' lang='lat' dir='ltr'><em>Urbis,</em></span> <span class='ocrx_word' id='word_1_114' title='bbox 537 1189 582 1224; x_wconf 92' lang='lat' dir='ltr'><em>ab</em></span> <span class='ocrx_word' id='word_1_115' title='bbox 611 1189 743 1224; x_wconf 76' lang='lat' dir='ltr'><em>imbelli</em></span> <span class='ocrx_word' id='word_1_116' title='bbox 770 1190 988 1225; x_wconf 84' lang='lat' dir='ltr'><em>Germanica</em></span> <span class='ocrx_word' id='word_1_117' title='bbox 1017 1196 1139 1226; x_wconf 86' lang='lat' dir='ltr'><em>rostra</em></span> <span class='ocrx_word' id='word_1_118' title='bbox 1169 1192 1269 1226; x_wconf 85' lang='lat' dir='ltr'><em>leone</em></span> 
     </span>
    </p>

    <p class='ocr_par' dir='ltr' id='par_1_8' title="bbox 311 1245 1328 1294">
     <span class='ocr_line' id='line_1_18' title="bbox 311 1245 1328 1294; baseline 0.002 -14"><span class='ocrx_word' id='word_1_119' title='bbox 311 1256 357 1280; x_wconf 74' lang='lat'><em>155</em></span> <span class='ocrx_word' id='word_1_120' title='bbox 378 1245 506 1281; x_wconf 81' lang='lat' dir='ltr'><em>Mersa</em></span> <span class='ocrx_word' id='word_1_121' title='bbox 540 1246 636 1280; x_wconf 88' lang='lat' dir='ltr'><em>mari</em></span> <span class='ocrx_word' id='word_1_122' title='bbox 659 1245 836 1292; x_wconf 78' lang='lat' dir='ltr'><em>fusasque</em></span> <span class='ocrx_word' id='word_1_123' title='bbox 867 1250 984 1289; x_wconf 87' lang='lat' dir='ltr'><em>rates,</em></span> <span class='ocrx_word' id='word_1_124' title='bbox 1012 1248 1194 1292; x_wconf 76' lang='lat' dir='ltr'><em>fluitantia</em></span> <span class='ocrx_word' id='word_1_125' title='bbox 1224 1250 1328 1294; x_wconf 67' lang='lat' dir='ltr'><em>siyna</em></span> 
     </span>
    </p>
   </div>
   <div class='ocr_carea' id='block_1_3' title="bbox 55 1433 1815 3106">
    <p class='ocr_par' dir='ltr' id='par_1_9' title="bbox 55 1433 1815 3106">
     <span class='ocr_line' id='line_1_19' title="bbox 199 1433 1813 1477; baseline 0.005 -12"><span class='ocrx_word' id='word_1_126' title='bbox 199 1433 236 1453; x_wconf 81' lang='lat'><em>¹³⁹</em></span> <span class='ocrx_word' id='word_1_127' title='bbox 268 1435 289 1465; x_wconf 87' lang='lat' dir='ltr'><em>i.</em></span> <span class='ocrx_word' id='word_1_128' title='bbox 317 1445 344 1466; x_wconf 87' lang='lat' dir='ltr'><em>e.</em></span> <span class='ocrx_word' id='word_1_129' title='bbox 371 1435 554 1466; x_wconf 78' lang='lat' dir='ltr'><em>insolenter</em></span> <span class='ocrx_word' id='word_1_130' title='bbox 586 1435 814 1465; x_wconf 70' lang='lat' dir='ltr'><em>eaeclamantes</em></span> <span class='ocrx_word' id='word_1_131' title='bbox 850 1435 1031 1466; x_wconf 84' lang='lat' dir='ltr'><em>Venetiani</em></span> <span class='ocrx_word' id='word_1_132' title='bbox 1065 1435 1245 1474; x_wconf 68' lang='lat' dir='ltr'><em>,qlorz‘osz&#39;us</em></span> <span class='ocrx_word' id='word_1_133' title='bbox 1283 1437 1324 1467; x_wconf 87' lang='lat' dir='ltr'><em>de</em></span> <span class='ocrx_word' id='word_1_134' title='bbox 1361 1448 1398 1467; x_wconf 78' lang='lat' dir='ltr'><em>se</em></span> <span class='ocrx_word' id='word_1_135' title='bbox 1427 1439 1618 1477; x_wconf 66' lang='lat' dir='ltr'><em>pra’dicant</em></span> <span class='ocrx_word' id='word_1_136' title='bbox 1650 1441 1746 1471; x_wconf 76' lang='lat' dir='ltr'><em>sedes</em></span> <span class='ocrx_word' id='word_1_137' title='bbox 1778 1452 1813 1473; x_wconf 85' lang='lat' dir='ltr'><em>se</em></span> 
     </span>
     <span class='ocr_line' id='line_1_20' title="bbox 103 1490 1813 1531; baseline 0.004 -10"><span class='ocrx_word' id='word_1_138' title='bbox 103 1493 271 1531; x_wconf 78' lang='lat' dir='ltr'><em>posuisse,</em></span> <span class='ocrx_word' id='word_1_139' title='bbox 305 1491 415 1522; x_wconf 87' lang='lat' dir='ltr'><em>urbem</em></span> <span class='ocrx_word' id='word_1_140' title='bbox 448 1501 539 1522; x_wconf 84' lang='lat' dir='ltr'><em>suam</em></span> <span class='ocrx_word' id='word_1_141' title='bbox 572 1491 780 1526; x_wconf 76' lang='lat' dir='ltr'><em>condidisse,</em></span> <span class='ocrx_word' id='word_1_142' title='bbox 811 1490 844 1521; x_wconf 88' lang='lat' dir='ltr'><em>in</em></span> <span class='ocrx_word' id='word_1_143' title='bbox 876 1495 969 1521; x_wconf 85' lang='lat' dir='ltr'><em>terra</em></span> <span class='ocrx_word' id='word_1_144' title='bbox 1002 1491 1146 1531; x_wconf 59' lang='lat' dir='ltr'><em>vimine,</em></span> <span class='ocrx_word' id='word_1_145' title='bbox 1179 1491 1241 1522; x_wconf 79' lang='lat' dir='ltr'><em>lzoc</em></span> <span class='ocrx_word' id='word_1_146' title='bbox 1265 1496 1314 1522; x_wconf 82' lang='lat' dir='ltr'><em>est</em></span> <span class='ocrx_word' id='word_1_147' title='bbox 1340 1493 1371 1523; x_wconf 85' lang='lat' dir='ltr'><em>in</em></span> <span class='ocrx_word' id='word_1_148' title='bbox 1395 1495 1465 1524; x_wconf 85' lang='lat' dir='ltr'><em>solo</em></span> <span class='ocrx_word' id='word_1_149' title='bbox 1491 1499 1592 1525; x_wconf 68' lang='lat' dir='ltr'><em>(trecea</em></span> <span class='ocrx_word' id='word_1_150' title='bbox 1616 1495 1656 1526; x_wconf 85' lang='lat' dir='ltr'><em>ab</em></span> <span class='ocrx_word' id='word_1_151' title='bbox 1681 1497 1813 1528; x_wconf 78' lang='lat' dir='ltr'><em>bomini-</em></span> 
     </span>
     <span class='ocr_line' id='line_1_21' title="bbox 103 1544 1813 1591; baseline 0.004 -14"><span class='ocrx_word' id='word_1_152' title='bbox 103 1547 162 1577; x_wconf 87' lang='lat' dir='ltr'><em>bus</em></span> <span class='ocrx_word' id='word_1_153' title='bbox 192 1558 256 1578; x_wconf 84' lang='lat' dir='ltr'><em>non</em></span> <span class='ocrx_word' id='word_1_154' title='bbox 287 1550 462 1588; x_wconf 85' lang='lat' dir='ltr'><em>occupato.</em></span> <span class='ocrx_word' id='word_1_155' title='bbox 558 1544 668 1573; x_wconf 76' lang='lat' dir='ltr'><em>¹⁴2-sqq.</em></span> <span class='ocrx_word' id='word_1_156' title='bbox 694 1547 777 1577; x_wconf 83' lang='lat' dir='ltr'><em>Post</em></span> <span class='ocrx_word' id='word_1_157' title='bbox 808 1547 904 1577; x_wconf 74' lang='lat' dir='ltr'><em>varia</em></span> <span class='ocrx_word' id='word_1_158' title='bbox 934 1558 955 1577; x_wconf 84' lang='lat' dir='ltr'><em>a</em></span> <span class='ocrx_word' id='word_1_159' title='bbox 986 1547 1108 1587; x_wconf 84' lang='lat' dir='ltr'><em>Pipino</em></span> <span class='ocrx_word' id='word_1_160' title='bbox 1141 1546 1256 1578; x_wconf 63' lang='lat' dir='ltr'><em>Italia</em></span> <span class='ocrx_word' id='word_1_161' title='bbox 1287 1559 1380 1589; x_wconf 69' lang='lat' dir='ltr'><em>reye,</em></span> <span class='ocrx_word' id='word_1_162' title='bbox 1417 1550 1532 1581; x_wconf 72' lang='lat' dir='ltr'><em>Caroli</em></span> <span class='ocrx_word' id='word_1_163' title='bbox 1555 1551 1603 1582; x_wconf 80' lang='lat' dir='ltr'><em>M.</em></span> <span class='ocrx_word' id='word_1_164' title='bbox 1624 1553 1712 1591; x_wconf 80' lang='lat' dir='ltr'><em>filio,</em></span> <span class='ocrx_word' id='word_1_165' title='bbox 1745 1564 1813 1584; x_wconf 85' lang='lat' dir='ltr'><em>cum</em></span> 
     </span>
     <span class='ocr_line' id='line_1_22' title="bbox 108 1603 1812 1645; baseline 0.004 -11"><span class='ocrx_word' id='word_1_166' title='bbox 108 1603 244 1634; x_wconf 82' lang='lat' dir='ltr'><em>Venetis</em></span> <span class='ocrx_word' id='word_1_167' title='bbox 277 1603 470 1645; x_wconf 81' lang='lat' dir='ltr'><em>Groecisque</em></span> <span class='ocrx_word' id='word_1_168' title='bbox 508 1603 584 1634; x_wconf 83' lang='lat' dir='ltr'><em>inde</em></span> <span class='ocrx_word' id='word_1_169' title='bbox 624 1603 665 1635; x_wconf 87' lang='lat' dir='ltr'><em>ab</em></span> <span class='ocrx_word' id='word_1_170' title='bbox 700 1614 786 1635; x_wconf 85' lang='lat' dir='ltr'><em>anno</em></span> <span class='ocrx_word' id='word_1_171' title='bbox 812 1605 887 1635; x_wconf 73' lang='lat'><em>80⁹.</em></span> <span class='ocrx_word' id='word_1_172' title='bbox 915 1605 1086 1635; x_wconf 79' lang='lat' dir='ltr'><em>commissa</em></span> <span class='ocrx_word' id='word_1_173' title='bbox 1113 1605 1239 1644; x_wconf 80' lang='lat' dir='ltr'><em>proelia</em></span> <span class='ocrx_word' id='word_1_174' title='bbox 1271 1606 1324 1635; x_wconf 85' lang='lat' dir='ltr'><em>ille</em></span> <span class='ocrx_word' id='word_1_175' title='bbox 1357 1606 1403 1636; x_wconf 87' lang='lat' dir='ltr'><em>ad</em></span> <span class='ocrx_word' id='word_1_176' title='bbox 1433 1617 1527 1637; x_wconf 65' lang='lat' dir='ltr'><em>imam.</em></span> <span class='ocrx_word' id='word_1_177' title='bbox 1560 1618 1670 1639; x_wconf 73' lang='lat' dir='ltr'><em>otuncs</em></span> <span class='ocrx_word' id='word_1_178' title='bbox 1707 1610 1812 1641; x_wconf 86' lang='lat' dir='ltr'><em>Vene-</em></span> 
     </span>
     <span class='ocr_line' id='line_1_23' title="bbox 102 1659 1813 1702; baseline 0.005 -13"><span class='ocrx_word' id='word_1_179' title='bbox 102 1663 155 1690; x_wconf 81' lang='lat' dir='ltr'><em>tas</em></span> <span class='ocrx_word' id='word_1_180' title='bbox 179 1659 304 1691; x_wconf 86' lang='lat' dir='ltr'><em>insulas</em></span> <span class='ocrx_word' id='word_1_181' title='bbox 329 1661 417 1700; x_wconf 86' lang='lat' dir='ltr'><em>cepit</em></span> <span class='ocrx_word' id='word_1_182' title='bbox 441 1670 472 1691; x_wconf 88' lang='lat' dir='ltr'><em>a.</em></span> <span class='ocrx_word' id='word_1_183' title='bbox 490 1661 586 1696; x_wconf 54' lang='lat'><em>870„</em></span> <span class='ocrx_word' id='word_1_184' title='bbox 620 1660 675 1702; x_wconf 87' lang='lat' dir='ltr'><em>qui</em></span> <span class='ocrx_word' id='word_1_185' title='bbox 705 1660 795 1701; x_wconf 72' lang='lat' dir='ltr'><em>reyz&#39;s</em></span> <span class='ocrx_word' id='word_1_186' title='bbox 824 1669 996 1700; x_wconf 86' lang='lat' dir='ltr'><em>supremus</em></span> <span class='ocrx_word' id='word_1_187' title='bbox 1018 1659 1096 1699; x_wconf 79' lang='lat' dir='ltr'><em>fuit.</em></span> <span class='ocrx_word' id='word_1_188' title='bbox 1147 1670 1209 1701; x_wconf 79' lang='lat' dir='ltr'><em>quo</em></span> <span class='ocrx_word' id='word_1_189' title='bbox 1235 1665 1363 1692; x_wconf 86' lang='lat' dir='ltr'><em>mortuo</em></span> <span class='ocrx_word' id='word_1_190' title='bbox 1391 1662 1530 1694; x_wconf 75' lang='lat' dir='ltr'><em>Carolus</em></span> <span class='ocrx_word' id='word_1_191' title='bbox 1554 1663 1604 1694; x_wconf 63' lang='lat' dir='ltr'><em>JI.</em></span> <span class='ocrx_word' id='word_1_192' title='bbox 1630 1665 1712 1695; x_wconf 85' lang='lat' dir='ltr'><em>inita</em></span> <span class='ocrx_word' id='word_1_193' title='bbox 1744 1676 1813 1697; x_wconf 88' lang='lat' dir='ltr'><em>cum</em></span> 
     </span>
     <span class='ocr_line' id='line_1_24' title="bbox 102 1715 1813 1761; baseline 0.004 -15"><span class='ocrx_word' id='word_1_194' title='bbox 102 1715 293 1757; x_wconf 78' lang='lat' dir='ltr'><em>Nz&#39;ceplzoro</em></span> <span class='ocrx_word' id='word_1_195' title='bbox 312 1716 462 1747; x_wconf 82' lang='lat' dir='ltr'><em>Patricio</em></span> <span class='ocrx_word' id='word_1_196' title='bbox 487 1716 562 1757; x_wconf 88' lang='lat' dir='ltr'><em>imp.</em></span> <span class='ocrx_word' id='word_1_197' title='bbox 585 1716 662 1752; x_wconf 70' lang='lat' dir='ltr'><em>CP„</em></span> <span class='ocrx_word' id='word_1_198' title='bbox 682 1726 746 1748; x_wconf 87' lang='lat' dir='ltr'><em>non</em></span> <span class='ocrx_word' id='word_1_199' title='bbox 771 1717 819 1747; x_wconf 87' lang='lat' dir='ltr'><em>ita</em></span> <span class='ocrx_word' id='word_1_200' title='bbox 843 1717 939 1756; x_wconf 74' lang='lat' dir='ltr'><em>longye</em></span> <span class='ocrx_word' id='word_1_201' title='bbox 961 1720 1040 1757; x_wconf 87' lang='lat' dir='ltr'><em>post</em></span> <span class='ocrx_word' id='word_1_202' title='bbox 1066 1726 1086 1747; x_wconf 91' lang='lat' dir='ltr'><em>a</em></span> <span class='ocrx_word' id='word_1_203' title='bbox 1110 1715 1272 1757; x_wconf 68' lang='lat' dir='ltr'><em>Bulyaris</em></span> <span class='ocrx_word' id='word_1_204' title='bbox 1293 1718 1370 1757; x_wconf 84' lang='lat' dir='ltr'><em>fuso</em></span> <span class='ocrx_word' id='word_1_205' title='bbox 1396 1721 1581 1761; x_wconf 74' lang='lat' dir='ltr'><em>occisoque,</em></span> <span class='ocrx_word' id='word_1_206' title='bbox 1604 1730 1691 1761; x_wconf 87' lang='lat' dir='ltr'><em>pace</em></span> <span class='ocrx_word' id='word_1_207' title='bbox 1709 1722 1813 1753; x_wconf 86' lang='lat' dir='ltr'><em>eidem</em></span> 
     </span>
     <span class='ocr_line' id='line_1_25' title="bbox 100 1772 1810 1817; baseline 0.004 -14"><span class='ocrx_word' id='word_1_208' title='bbox 100 1772 174 1803; x_wconf 84' lang='lat' dir='ltr'><em>illas</em></span> <span class='ocrx_word' id='word_1_209' title='bbox 203 1773 330 1803; x_wconf 86' lang='lat' dir='ltr'><em>insulas</em></span> <span class='ocrx_word' id='word_1_210' title='bbox 359 1773 521 1813; x_wconf 83' lang='lat' dir='ltr'><em>permisit.</em></span> <span class='ocrx_word' id='word_1_211' title='bbox 571 1772 716 1804; x_wconf 75' lang='lat' dir='ltr'><em>Ducibus</em></span> <span class='ocrx_word' id='word_1_212' title='bbox 752 1773 949 1804; x_wconf 78' lang='lat' dir='ltr'><em>Venetianis</em></span> <span class='ocrx_word' id='word_1_213' title='bbox 983 1772 1136 1803; x_wconf 84' lang='lat' dir='ltr'><em>Obelerz&#39;o</em></span> <span class='ocrx_word' id='word_1_214' title='bbox 1174 1783 1244 1804; x_wconf 85' lang='lat' dir='ltr'><em>cum</em></span> <span class='ocrx_word' id='word_1_215' title='bbox 1277 1774 1447 1813; x_wconf 80' lang='lat' dir='ltr'><em>fratribus</em></span> <span class='ocrx_word' id='word_1_216' title='bbox 1483 1776 1556 1807; x_wconf 80' lang='lat' dir='ltr'><em>lucc</em></span> <span class='ocrx_word' id='word_1_217' title='bbox 1592 1781 1689 1817; x_wconf 41' lang='lat' dir='ltr'><em>(qesta</em></span> <span class='ocrx_word' id='word_1_218' title='bbox 1726 1783 1810 1811; x_wconf 84' lang='lat' dir='ltr'><em>sunt.</em></span> 
     </span>
     <span class='ocr_line' id='line_1_26' title="bbox 100 1828 1815 1873; baseline 0.004 -14"><span class='ocrx_word' id='word_1_219' title='bbox 100 1828 222 1870; x_wconf 84' lang='lat' dir='ltr'><em>Itaque</em></span> <span class='ocrx_word' id='word_1_220' title='bbox 261 1839 326 1860; x_wconf 83' lang='lat' dir='ltr'><em>non</em></span> <span class='ocrx_word' id='word_1_221' title='bbox 358 1828 490 1866; x_wconf 79' lang='lat' dir='ltr'><em>Irena’,</em></span> <span class='ocrx_word' id='word_1_222' title='bbox 534 1828 744 1860; x_wconf 81' lang='lat' dir='ltr'><em>Constantini</em></span> <span class='ocrx_word' id='word_1_223' title='bbox 777 1828 978 1870; x_wconf 70' lang='lat' dir='ltr'><em>Coprongsmi</em></span> <span class='ocrx_word' id='word_1_224' title='bbox 1013 1831 1132 1864; x_wconf 68' lang='lat' dir='ltr'><em>umori,</em></span> <span class='ocrx_word' id='word_1_225' title='bbox 1172 1829 1476 1873; x_wconf 75' lang='lat' dir='ltr'><em>imperatorumque</em></span> <span class='ocrx_word' id='word_1_226' title='bbox 1508 1832 1635 1864; x_wconf 81' lang='lat' dir='ltr'><em>Leonis</em></span> <span class='ocrx_word' id='word_1_227' title='bbox 1671 1834 1815 1866; x_wconf 77' lang='lat' dir='ltr'><em>Clzazari</em></span> 
     </span>
     <span class='ocr_line' id='line_1_27' title="bbox 98 1884 1809 1932; baseline 0.004 -17"><span class='ocrx_word' id='word_1_228' title='bbox 98 1884 255 1927; x_wconf 76' lang='lat' dir='ltr'><em>huiusque</em></span> <span class='ocrx_word' id='word_1_229' title='bbox 286 1886 491 1916; x_wconf 86' lang='lat' dir='ltr'><em>successoris</em></span> <span class='ocrx_word' id='word_1_230' title='bbox 518 1884 730 1916; x_wconf 77' lang='lat' dir='ltr'><em>Constantini</em></span> <span class='ocrx_word' id='word_1_231' title='bbox 756 1888 788 1916; x_wconf 90' lang='lat' dir='ltr'><em>V.</em></span> <span class='ocrx_word' id='word_1_232' title='bbox 815 1887 916 1916; x_wconf 80' lang='lat' dir='ltr'><em>matri</em></span> <span class='ocrx_word' id='word_1_233' title='bbox 938 1887 1082 1923; x_wconf 84' lang='lat' dir='ltr'><em>crudeli,</em></span> <span class='ocrx_word' id='word_1_234' title='bbox 1115 1896 1190 1927; x_wconf 75' lang='lat' dir='ltr'><em>quce</em></span> <span class='ocrx_word' id='word_1_235' title='bbox 1216 1891 1296 1926; x_wconf 88' lang='lat' dir='ltr'><em>post</em></span> <span class='ocrx_word' id='word_1_236' title='bbox 1323 1889 1424 1927; x_wconf 82' lang='lat' dir='ltr'><em>filium</em></span> <span class='ocrx_word' id='word_1_237' title='bbox 1456 1891 1685 1930; x_wconf 87' lang='lat' dir='ltr'><em>interemptum</em></span> <span class='ocrx_word' id='word_1_238' title='bbox 1718 1892 1809 1932; x_wconf 85' lang='lat' dir='ltr'><em>quin-</em></span> 
     </span>
     <span class='ocr_line' id='line_1_28' title="bbox 55 1941 1808 1983; baseline 0.002 -9"><span class='ocrx_word' id='word_1_239' title='bbox 55 1972 57 1975; x_wconf 86' lang='lat'><em>.</em></span> <span class='ocrx_word' id='word_1_240' title='bbox 99 1951 160 1982; x_wconf 86' lang='lat' dir='ltr'><em>que</em></span> <span class='ocrx_word' id='word_1_241' title='bbox 183 1941 260 1981; x_wconf 80' lang='lat' dir='ltr'><em>fere</em></span> <span class='ocrx_word' id='word_1_242' title='bbox 285 1951 390 1972; x_wconf 84' lang='lat' dir='ltr'><em>annos</em></span> <span class='ocrx_word' id='word_1_243' title='bbox 414 1943 488 1972; x_wconf 88' lang='lat' dir='ltr'><em>sola</em></span> <span class='ocrx_word' id='word_1_244' title='bbox 519 1943 688 1983; x_wconf 60' lang='lat' dir='ltr'><em>regnavit,</em></span> <span class='ocrx_word' id='word_1_245' title='bbox 722 1943 829 1973; x_wconf 74' lang='lat' dir='ltr'><em>drmec</em></span> <span class='ocrx_word' id='word_1_246' title='bbox 854 1953 884 1973; x_wconf 88' lang='lat' dir='ltr'><em>a.</em></span> <span class='ocrx_word' id='word_1_247' title='bbox 904 1943 982 1973; x_wconf 75' lang='lat'><em>802.</em></span> <span class='ocrx_word' id='word_1_248' title='bbox 1003 1953 1024 1973; x_wconf 89' lang='lat' dir='ltr'><em>a</em></span> <span class='ocrx_word' id='word_1_249' title='bbox 1049 1941 1243 1982; x_wconf 74' lang='lat' dir='ltr'><em>Nicephoro</em></span> <span class='ocrx_word' id='word_1_250' title='bbox 1275 1944 1329 1975; x_wconf 87' lang='lat' dir='ltr'><em>illo</em></span> <span class='ocrx_word' id='word_1_251' title='bbox 1361 1945 1393 1975; x_wconf 81' lang='lat' dir='ltr'><em>in</em></span> <span class='ocrx_word' id='word_1_252' title='bbox 1421 1944 1561 1976; x_wconf 81' lang='lat' dir='ltr'><em>Lesbum</em></span> <span class='ocrx_word' id='word_1_253' title='bbox 1594 1947 1732 1977; x_wconf 88' lang='lat' dir='ltr'><em>insulam</em></span> <span class='ocrx_word' id='word_1_254' title='bbox 1755 1958 1808 1978; x_wconf 89' lang='lat' dir='ltr'><em>re-</em></span> 
     </span>
     <span class='ocr_line' id='line_1_29' title="bbox 97 1997 1809 2044; baseline 0.004 -15"><span class='ocrx_word' id='word_1_255' title='bbox 97 1999 284 2039; x_wconf 69' lang='lat' dir='ltr'><em>leym-etur,</em></span> <span class='ocrx_word' id='word_1_256' title='bbox 318 1997 372 2028; x_wconf 86' lang='lat' dir='ltr'><em>ubi</em></span> <span class='ocrx_word' id='word_1_257' title='bbox 395 1998 428 2028; x_wconf 87' lang='lat' dir='ltr'><em>d.</em></span> <span class='ocrx_word' id='word_1_258' title='bbox 448 1999 477 2028; x_wconf 81' lang='lat'><em>9.</em></span> <span class='ocrx_word' id='word_1_259' title='bbox 499 1998 586 2039; x_wconf 70' lang='lat' dir='ltr'><em>Any.</em></span> <span class='ocrx_word' id='word_1_260' title='bbox 606 2008 638 2030; x_wconf 86' lang='lat' dir='ltr'><em>a.</em></span> <span class='ocrx_word' id='word_1_261' title='bbox 657 1999 737 2030; x_wconf 80' lang='lat'><em>803.</em></span> <span class='ocrx_word' id='word_1_262' title='bbox 757 1999 957 2039; x_wconf 72' lang='lat' dir='ltr'><em>escspiravit,</em></span> <span class='ocrx_word' id='word_1_263' title='bbox 983 1999 1045 2030; x_wconf 81' lang='lat' dir='ltr'><em>sed</em></span> <span class='ocrx_word' id='word_1_264' title='bbox 1068 1998 1141 2029; x_wconf 79' lang='lat' dir='ltr'><em>tzuic</em></span> <span class='ocrx_word' id='word_1_265' title='bbox 1164 2003 1310 2030; x_wconf 82' lang='lat' dir='ltr'><em>monstro</em></span> <span class='ocrx_word' id='word_1_266' title='bbox 1337 2010 1428 2041; x_wconf 86' lang='lat' dir='ltr'><em>pone</em></span> <span class='ocrx_word' id='word_1_267' title='bbox 1455 2003 1580 2033; x_wconf 82' lang='lat' dir='ltr'><em>secuto</em></span> <span class='ocrx_word' id='word_1_268' title='bbox 1606 2002 1809 2044; x_wconf 80' lang='lat' dir='ltr'><em>Nicephoro</em></span> 
     </span>
     <span class='ocr_line' id='line_1_30' title="bbox 99 2053 1809 2099; baseline 0.004 -14"><span class='ocrx_word' id='word_1_269' title='bbox 99 2055 238 2086; x_wconf 82' lang='lat' dir='ltr'><em>Carolus</em></span> <span class='ocrx_word' id='word_1_270' title='bbox 263 2053 312 2085; x_wconf 78' lang='lat' dir='ltr'><em>M.</em></span> <span class='ocrx_word' id='word_1_271' title='bbox 337 2054 483 2085; x_wconf 86' lang='lat' dir='ltr'><em>Venetos</em></span> <span class='ocrx_word' id='word_1_272' title='bbox 509 2055 702 2085; x_wconf 83' lang='lat' dir='ltr'><em>concessit.</em></span> <span class='ocrx_word' id='word_1_273' title='bbox 754 2053 815 2093; x_wconf 83' lang='lat' dir='ltr'><em>Qui</em></span> <span class='ocrx_word' id='word_1_274' title='bbox 839 2055 1064 2096; x_wconf 77' lang='lat' dir='ltr'><em>Nicephorus‚</em></span> <span class='ocrx_word' id='word_1_275' title='bbox 1097 2065 1165 2085; x_wconf 84' lang='lat' dir='ltr'><em>cum</em></span> <span class='ocrx_word' id='word_1_276' title='bbox 1193 2054 1236 2085; x_wconf 86' lang='lat' dir='ltr'><em>ab</em></span> <span class='ocrx_word' id='word_1_277' title='bbox 1262 2066 1348 2087; x_wconf 81' lang='lat' dir='ltr'><em>anno</em></span> <span class='ocrx_word' id='word_1_278' title='bbox 1374 2058 1450 2088; x_wconf 68' lang='lat'><em>802.</em></span> <span class='ocrx_word' id='word_1_279' title='bbox 1478 2068 1578 2099; x_wconf 80' lang='lat' dir='ltr'><em>usque</em></span> <span class='ocrx_word' id='word_1_280' title='bbox 1604 2061 1651 2090; x_wconf 85' lang='lat' dir='ltr'><em>ad</em></span> <span class='ocrx_word' id='word_1_281' title='bbox 1671 2060 1809 2092; x_wconf 87' lang='lat' dir='ltr'><em>medium</em></span> 
     </span>
     <span class='ocr_line' id='line_1_31' title="bbox 92 2099 1808 2155; baseline 0.003 -13"><span class='ocrx_word' id='word_1_282' title='bbox 92 2111 170 2152; x_wconf 83' lang='lat' dir='ltr'><em>fere</em></span> <span class='ocrx_word' id='word_1_283' title='bbox 201 2121 319 2142; x_wconf 85' lang='lat' dir='ltr'><em>annum</em></span> <span class='ocrx_word' id='word_1_284' title='bbox 349 2112 444 2147; x_wconf 63' lang='lat'><em>811„</em></span> <span class='ocrx_word' id='word_1_285' title='bbox 486 2099 562 2141; x_wconf 68' lang='lat' dir='ltr'><em>bitte</em></span> <span class='ocrx_word' id='word_1_286' title='bbox 592 2120 662 2141; x_wconf 65' lang='lat' dir='ltr'><em>sua*</em></span> <span class='ocrx_word' id='word_1_287' title='bbox 694 2112 913 2147; x_wconf 77' lang='lat' dir='ltr'><em>novissimma,</em></span> <span class='ocrx_word' id='word_1_288' title='bbox 956 2112 1088 2152; x_wconf 86' lang='lat' dir='ltr'><em>imperii</em></span> <span class='ocrx_word' id='word_1_289' title='bbox 1124 2112 1303 2150; x_wconf 74' lang='lat' dir='ltr'><em>orientalis</em></span> <span class='ocrx_word' id='word_1_290' title='bbox 1332 2117 1452 2154; x_wconf 88' lang='lat' dir='ltr'><em>partes</em></span> <span class='ocrx_word' id='word_1_291' title='bbox 1482 2115 1587 2155; x_wconf 63' lang='lat' dir='ltr'><em>magis</em></span> <span class='ocrx_word' id='word_1_292' title='bbox 1619 2115 1808 2155; x_wconf 77' lang='lat' dir='ltr'><em>depavisset</em></span> 
     </span>
     <span class='ocr_line' id='line_1_32' title="bbox 97 2167 1806 2211; baseline 0.004 -14"><span class='ocrx_word' id='word_1_293' title='bbox 97 2177 193 2209; x_wconf 86' lang='lat' dir='ltr'><em>quam</em></span> <span class='ocrx_word' id='word_1_294' title='bbox 221 2170 413 2208; x_wconf 73' lang='lat' dir='ltr'><em>reynasset,</em></span> <span class='ocrx_word' id='word_1_295' title='bbox 456 2177 476 2197; x_wconf 89' lang='lat' dir='ltr'><em>a</em></span> <span class='ocrx_word' id='word_1_296' title='bbox 507 2167 663 2198; x_wconf 82' lang='lat' dir='ltr'><em>carminis</em></span> <span class='ocrx_word' id='word_1_297' title='bbox 699 2169 912 2209; x_wconf 82' lang='lat' dir='ltr'><em>conpositore</em></span> <span class='ocrx_word' id='word_1_298' title='bbox 951 2172 1070 2209; x_wconf 85' lang='lat' dir='ltr'><em>aperte</em></span> <span class='ocrx_word' id='word_1_299' title='bbox 1103 2168 1323 2208; x_wconf 83' lang='lat' dir='ltr'><em>confunditur</em></span> <span class='ocrx_word' id='word_1_300' title='bbox 1354 2180 1424 2200; x_wconf 80' lang='lat' dir='ltr'><em>cum</em></span> <span class='ocrx_word' id='word_1_301' title='bbox 1458 2170 1649 2211; x_wconf 78' lang='lat' dir='ltr'><em>Nz&#39;ceplzoro</em></span> <span class='ocrx_word' id='word_1_302' title='bbox 1683 2173 1806 2211; x_wconf 70' lang='lat' dir='ltr'><em>Pleoca,</em></span> 
     </span>
     <span class='ocr_line' id='line_1_33' title="bbox 99 2223 1805 2269; baseline 0.004 -15"><span class='ocrx_word' id='word_1_303' title='bbox 99 2223 157 2265; x_wconf 87' lang='lat' dir='ltr'><em>qui</em></span> <span class='ocrx_word' id='word_1_304' title='bbox 188 2233 221 2254; x_wconf 85' lang='lat' dir='ltr'><em>a.</em></span> <span class='ocrx_word' id='word_1_305' title='bbox 240 2224 427 2255; x_wconf 83' lang='lat'><em>963...369.</em></span> <span class='ocrx_word' id='word_1_306' title='bbox 453 2223 663 2264; x_wconf 84' lang='lat' dir='ltr'><em>inpartibus</em></span> <span class='ocrx_word' id='word_1_307' title='bbox 696 2223 842 2255; x_wconf 77' lang='lat' dir='ltr'><em>Orientis</em></span> <span class='ocrx_word' id='word_1_308' title='bbox 872 2228 1042 2265; x_wconf 70' lang='lat' dir='ltr'><em>reynavit:</em></span> <span class='ocrx_word' id='word_1_309' title='bbox 1075 2235 1148 2255; x_wconf 88' lang='lat' dir='ltr'><em>nam</em></span> <span class='ocrx_word' id='word_1_310' title='bbox 1178 2224 1263 2255; x_wconf 76' lang='lat' dir='ltr'><em>huic</em></span> <span class='ocrx_word' id='word_1_311' title='bbox 1297 2224 1383 2257; x_wconf 81' lang='lat' dir='ltr'><em>Otto</em></span> <span class='ocrx_word' id='word_1_312' title='bbox 1408 2226 1436 2257; x_wconf 92' lang='lat' dir='ltr'><em>I.</em></span> <span class='ocrx_word' id='word_1_313' title='bbox 1461 2228 1536 2258; x_wconf 82' lang='lat' dir='ltr'><em>toto</em></span> <span class='ocrx_word' id='word_1_314' title='bbox 1569 2237 1680 2269; x_wconf 83' lang='lat' dir='ltr'><em>regno</em></span> <span class='ocrx_word' id='word_1_315' title='bbox 1712 2239 1805 2261; x_wconf 86' lang='lat' dir='ltr'><em>com-</em></span> 
     </span>
     <span class='ocr_line' id='line_1_34' title="bbox 101 2278 1806 2322; baseline 0.004 -12"><span class='ocrx_word' id='word_1_316' title='bbox 101 2279 239 2311; x_wconf 84' lang='lat' dir='ltr'><em>mercia</em></span> <span class='ocrx_word' id='word_1_317' title='bbox 264 2278 470 2310; x_wconf 84' lang='lat' dir='ltr'><em>interdixit:</em></span> <span class='ocrx_word' id='word_1_318' title='bbox 497 2280 567 2311; x_wconf 83' lang='lat' dir='ltr'><em>eius</em></span> <span class='ocrx_word' id='word_1_319' title='bbox 586 2281 690 2320; x_wconf 84' lang='lat' dir='ltr'><em>filiam</em></span> <span class='ocrx_word' id='word_1_320' title='bbox 719 2280 964 2322; x_wconf 72' lang='lat' dir='ltr'><em>Theophaniam</em></span> <span class='ocrx_word' id='word_1_321' title='bbox 990 2283 1174 2322; x_wconf 82' lang='lat' dir='ltr'><em>imperator</em></span> <span class='ocrx_word' id='word_1_322' title='bbox 1199 2279 1294 2313; x_wconf 66' lang='lat' dir='ltr'><em>Sacro</em></span> <span class='ocrx_word' id='word_1_323' title='bbox 1315 2283 1386 2322; x_wconf 80' lang='lat' dir='ltr'><em>silio</em></span> <span class='ocrx_word' id='word_1_324' title='bbox 1411 2292 1469 2313; x_wconf 88' lang='lat' dir='ltr'><em>suo</em></span> <span class='ocrx_word' id='word_1_325' title='bbox 1497 2282 1611 2315; x_wconf 84' lang='lat' dir='ltr'><em>Ottoni</em></span> <span class='ocrx_word' id='word_1_326' title='bbox 1625 2287 1665 2315; x_wconf 89' lang='lat'><em>11.</em></span> <span class='ocrx_word' id='word_1_327' title='bbox 1685 2285 1717 2316; x_wconf 86' lang='lat' dir='ltr'><em>in</em></span> <span class='ocrx_word' id='word_1_328' title='bbox 1742 2297 1806 2317; x_wconf 87' lang='lat' dir='ltr'><em>ma-</em></span> 
     </span>
     <span class='ocr_line' id='line_1_35' title="bbox 94 2336 1806 2380; baseline 0.004 -13"><span class='ocrx_word' id='word_1_329' title='bbox 94 2336 284 2367; x_wconf 85' lang='lat' dir='ltr'><em>trimonium</em></span> <span class='ocrx_word' id='word_1_330' title='bbox 304 2340 529 2377; x_wconf 80' lang='lat' dir='ltr'><em>poposcerat,</em></span> <span class='ocrx_word' id='word_1_331' title='bbox 562 2346 752 2368; x_wconf 83' lang='lat' dir='ltr'><em>concessam</em></span> <span class='ocrx_word' id='word_1_332' title='bbox 777 2341 884 2368; x_wconf 84' lang='lat' dir='ltr'><em>autem</em></span> <span class='ocrx_word' id='word_1_333' title='bbox 907 2348 977 2368; x_wconf 90' lang='lat' dir='ltr'><em>cum</em></span> <span class='ocrx_word' id='word_1_334' title='bbox 1004 2337 1116 2368; x_wconf 76' lang='lat' dir='ltr'><em>Graeci</em></span> <span class='ocrx_word' id='word_1_335' title='bbox 1136 2338 1266 2378; x_wconf 82' lang='lat' dir='ltr'><em>perfide</em></span> <span class='ocrx_word' id='word_1_336' title='bbox 1294 2340 1499 2380; x_wconf 75' lang='lat' dir='ltr'><em>interemptis</em></span> <span class='ocrx_word' id='word_1_337' title='bbox 1526 2339 1653 2372; x_wconf 84' lang='lat' dir='ltr'><em>Ottonis</em></span> <span class='ocrx_word' id='word_1_338' title='bbox 1678 2342 1725 2373; x_wconf 85' lang='lat' dir='ltr'><em>ad</em></span> <span class='ocrx_word' id='word_1_339' title='bbox 1747 2352 1806 2374; x_wconf 70' lang='lat' dir='ltr'><em>es:-</em></span> 
     </span>
     <span class='ocr_line' id='line_1_36' title="bbox 94 2393 1806 2436; baseline 0.004 -13"><span class='ocrx_word' id='word_1_340' title='bbox 94 2393 281 2433; x_wconf 83' lang='lat' dir='ltr'><em>cipiendam</em></span> <span class='ocrx_word' id='word_1_341' title='bbox 313 2403 429 2423; x_wconf 85' lang='lat' dir='ltr'><em>nurum</em></span> <span class='ocrx_word' id='word_1_342' title='bbox 459 2393 565 2424; x_wconf 87' lang='lat' dir='ltr'><em>missis</em></span> <span class='ocrx_word' id='word_1_343' title='bbox 596 2395 716 2435; x_wconf 67' lang='lat' dir='ltr'><em>legatis</em></span> <span class='ocrx_word' id='word_1_344' title='bbox 746 2394 966 2436; x_wconf 82' lang='lat' dir='ltr'><em>militibusque</em></span> <span class='ocrx_word' id='word_1_345' title='bbox 1001 2394 1319 2435; x_wconf 81' lang='lat' dir='ltr'><em>Constantinopolim</em></span> <span class='ocrx_word' id='word_1_346' title='bbox 1350 2396 1581 2433; x_wconf 66' lang='lat' dir='ltr'><em>reduxissent,</em></span> <span class='ocrx_word' id='word_1_347' title='bbox 1622 2399 1806 2430; x_wconf 72' lang='lat' dir='ltr'><em>eoeercitum</em></span> 
     </span>
     <span class='ocr_line' id='line_1_37' title="bbox 83 2439 1805 2493; baseline 0.005 -14"><span class='ocrx_word' id='word_1_348' title='bbox 83 2439 289 2480; x_wconf 65' lang='lat' dir='ltr'><em>&#39;orientalem</em></span> <span class='ocrx_word' id='word_1_349' title='bbox 313 2449 346 2479; x_wconf 85' lang='lat' dir='ltr'><em>in</em></span> <span class='ocrx_word' id='word_1_350' title='bbox 374 2448 525 2480; x_wconf 83' lang='lat' dir='ltr'><em>Calabris</em></span> <span class='ocrx_word' id='word_1_351' title='bbox 550 2450 670 2482; x_wconf 82' lang='lat' dir='ltr'><em>devicit</em></span> <span class='ocrx_word' id='word_1_352' title='bbox 696 2461 727 2481; x_wconf 88' lang='lat' dir='ltr'><em>a.</em></span> <span class='ocrx_word' id='word_1_353' title='bbox 748 2452 822 2482; x_wconf 76' lang='lat'><em>969.</em></span> <span class='ocrx_word' id='word_1_354' title='bbox 904 2449 944 2469; x_wconf 63' lang='lat'><em>¹4³</em></span> <span class='ocrx_word' id='word_1_355' title='bbox 970 2460 1001 2481; x_wconf 87' lang='lat' dir='ltr'><em>a.</em></span> <span class='ocrx_word' id='word_1_356' title='bbox 1025 2448 1121 2481; x_wconf 83' lang='lat'><em>1091.</em></span> <span class='ocrx_word' id='word_1_357' title='bbox 1202 2448 1319 2477; x_wconf 78' lang='lat' dir='ltr'><em>149-sqq.</em></span> <span class='ocrx_word' id='word_1_358' title='bbox 1344 2452 1433 2484; x_wconf 70' lang='lat' dir='ltr'><em>Ha’o</em></span> <span class='ocrx_word' id='word_1_359' title='bbox 1457 2453 1640 2493; x_wconf 80' lang='lat' dir='ltr'><em>referenda</em></span> <span class='ocrx_word' id='word_1_360' title='bbox 1665 2464 1737 2486; x_wconf 84' lang='lat' dir='ltr'><em>esse</em></span> <span class='ocrx_word' id='word_1_361' title='bbox 1761 2456 1805 2487; x_wconf 81' lang='lat' dir='ltr'><em>vi-</em></span> 
     </span>
     <span class='ocr_line' id='line_1_38' title="bbox 94 2505 1804 2552; baseline 0.005 -17"><span class='ocrx_word' id='word_1_362' title='bbox 94 2505 215 2536; x_wconf 83' lang='lat' dir='ltr'><em>dentur</em></span> <span class='ocrx_word' id='word_1_363' title='bbox 239 2505 285 2536; x_wconf 79' lang='lat' dir='ltr'><em>act</em></span> <span class='ocrx_word' id='word_1_364' title='bbox 308 2515 339 2536; x_wconf 88' lang='lat' dir='ltr'><em>a.</em></span> <span class='ocrx_word' id='word_1_365' title='bbox 359 2506 455 2536; x_wconf 89' lang='lat'><em>1177.</em></span> <span class='ocrx_word' id='word_1_366' title='bbox 476 2516 545 2536; x_wconf 87' lang='lat' dir='ltr'><em>cum</em></span> <span class='ocrx_word' id='word_1_367' title='bbox 570 2506 767 2538; x_wconf 85' lang='lat' dir='ltr'><em>Fridericus</em></span> <span class='ocrx_word' id='word_1_368' title='bbox 784 2510 808 2537; x_wconf 95' lang='lat'><em>1.</em></span> <span class='ocrx_word' id='word_1_369' title='bbox 828 2518 897 2538; x_wconf 89' lang='lat' dir='ltr'><em>cum</em></span> <span class='ocrx_word' id='word_1_370' title='bbox 916 2507 1119 2539; x_wconf 69' lang='lat' dir='ltr'><em>Aleoeandro</em></span> <span class='ocrx_word' id='word_1_371' title='bbox 1138 2508 1209 2539; x_wconf 91' lang='lat' dir='ltr'><em>PP.</em></span> <span class='ocrx_word' id='word_1_372' title='bbox 1227 2511 1282 2539; x_wconf 84' lang='lat'><em>111.</em></span> <span class='ocrx_word' id='word_1_373' title='bbox 1308 2509 1466 2547; x_wconf 77' lang='lat' dir='ltr'><em>Venetiz‘s,</em></span> <span class='ocrx_word' id='word_1_374' title='bbox 1491 2513 1666 2552; x_wconf 84' lang='lat' dir='ltr'><em>postquam</em></span> <span class='ocrx_word' id='word_1_375' title='bbox 1689 2511 1804 2543; x_wconf 76' lang='lat' dir='ltr'><em>karum</em></span> 
     </span>
     <span class='ocr_line' id='line_1_39' title="bbox 95 2560 1803 2609; baseline 0.004 -16"><span class='ocrx_word' id='word_1_376' title='bbox 95 2563 167 2593; x_wconf 75' lang='lat' dir='ltr'><em>dua:</em></span> <span class='ocrx_word' id='word_1_377' title='bbox 191 2560 411 2592; x_wconf 83' lang='lat' dir='ltr'><em>Sebastianus</em></span> <span class='ocrx_word' id='word_1_378' title='bbox 438 2561 562 2593; x_wconf 87' lang='lat' dir='ltr'><em>Zianus</em></span> <span class='ocrx_word' id='word_1_379' title='bbox 587 2563 725 2595; x_wconf 86' lang='lat' dir='ltr'><em>navibus</em></span> <span class='ocrx_word' id='word_1_380' title='bbox 749 2563 974 2605; x_wconf 86' lang='lat' dir='ltr'><em>imperialibus</em></span> <span class='ocrx_word' id='word_1_381' title='bbox 999 2564 1137 2595; x_wconf 85' lang='lat' dir='ltr'><em>devictis</em></span> <span class='ocrx_word' id='word_1_382' title='bbox 1163 2564 1314 2597; x_wconf 86' lang='lat' dir='ltr'><em>Ottoncm</em></span> <span class='ocrx_word' id='word_1_383' title='bbox 1336 2567 1551 2607; x_wconf 77' lang='lat' dir='ltr'><em>imperatori-s·</em></span> <span class='ocrx_word' id='word_1_384' title='bbox 1571 2568 1672 2607; x_wconf 83' lang='lat' dir='ltr'><em>filium</em></span> <span class='ocrx_word' id='word_1_385' title='bbox 1696 2570 1803 2609; x_wconf 84' lang='lat' dir='ltr'><em>capti-</em></span> 
     </span>
     <span class='ocr_line' id='line_1_40' title="bbox 93 2617 1803 2664; baseline 0.004 -15"><span class='ocrx_word' id='word_1_386' title='bbox 93 2628 162 2649; x_wconf 82' lang='lat' dir='ltr'><em>vum</em></span> <span class='ocrx_word' id='word_1_387' title='bbox 197 2627 306 2649; x_wconf 87' lang='lat' dir='ltr'><em>secum</em></span> <span class='ocrx_word' id='word_1_388' title='bbox 343 2617 513 2658; x_wconf 74' lang='lat' dir='ltr'><em>duoez&#39;sset,</em></span> <span class='ocrx_word' id='word_1_389' title='bbox 552 2629 668 2659; x_wconf 81' lang='lat' dir='ltr'><em>pacem</em></span> <span class='ocrx_word' id='word_1_390' title='bbox 700 2621 819 2656; x_wconf 75' lang='lat' dir='ltr'><em>iniret:</em></span> <span class='ocrx_word' id='word_1_391' title='bbox 850 2620 905 2651; x_wconf 88' lang='lat' dir='ltr'><em>ubi</em></span> <span class='ocrx_word' id='word_1_392' title='bbox 932 2620 1121 2661; x_wconf 80' lang='lat' dir='ltr'><em>pontificem</em></span> <span class='ocrx_word' id='word_1_393' title='bbox 1150 2623 1255 2662; x_wconf 84' lang='lat' dir='ltr'><em>pedes</em></span> <span class='ocrx_word' id='word_1_394' title='bbox 1290 2622 1437 2655; x_wconf 77' lang='lat' dir='ltr'><em>Ccesaris</em></span> <span class='ocrx_word' id='word_1_395' title='bbox 1466 2625 1589 2654; x_wconf 81' lang='lat' dir='ltr'><em>cervici</em></span> <span class='ocrx_word' id='word_1_396' title='bbox 1616 2623 1803 2664; x_wconf 80' lang='lat' dir='ltr'><em>inposuisse</em></span> 
     </span>
     <span class='ocr_line' id='line_1_41' title="bbox 88 2675 1802 2722; baseline 0.005 -17"><span class='ocrx_word' id='word_1_397' title='bbox 88 2677 212 2715; x_wconf 85' lang='lat' dir='ltr'><em>postea</em></span> <span class='ocrx_word' id='word_1_398' title='bbox 236 2677 470 2711; x_wconf 84' lang='lat' dir='ltr'><em>narraverunt,</em></span> <span class='ocrx_word' id='word_1_399' title='bbox 496 2675 587 2706; x_wconf 85' lang='lat' dir='ltr'><em>cuius</em></span> <span class='ocrx_word' id='word_1_400' title='bbox 610 2676 779 2717; x_wconf 64' lang='lat' dir='ltr'><em>superbiae</em></span> <span class='ocrx_word' id='word_1_401' title='bbox 803 2678 1061 2718; x_wconf 79' lang='lat' dir='ltr'><em>descriptionem</em></span> <span class='ocrx_word' id='word_1_402' title='bbox 1082 2679 1207 2718; x_wconf 88' lang='lat' dir='ltr'><em>pictam</em></span> <span class='ocrx_word' id='word_1_403' title='bbox 1238 2680 1358 2710; x_wconf 77' lang='lat' dir='ltr'><em>Veneti</em></span> <span class='ocrx_word' id='word_1_404' title='bbox 1382 2680 1502 2710; x_wconf 82' lang='lat' dir='ltr'><em>deinde</em></span> <span class='ocrx_word' id='word_1_405' title='bbox 1523 2679 1654 2720; x_wconf 82' lang='lat' dir='ltr'><em>publice</em></span> <span class='ocrx_word' id='word_1_406' title='bbox 1675 2691 1802 2722; x_wconf 78' lang='lat' dir='ltr'><em>propo-</em></span> 
     </span>
     <span class='ocr_line' id='line_1_42' title="bbox 91 2730 1803 2777; baseline 0.005 -17"><span class='ocrx_word' id='word_1_407' title='bbox 91 2733 246 2767; x_wconf 85' lang='lat' dir='ltr'><em>suerunt,</em></span> <span class='ocrx_word' id='word_1_408' title='bbox 280 2730 422 2762; x_wconf 84' lang='lat' dir='ltr'><em>Romani</em></span> <span class='ocrx_word' id='word_1_409' title='bbox 449 2735 558 2762; x_wconf 91' lang='lat' dir='ltr'><em>autem</em></span> <span class='ocrx_word' id='word_1_410' title='bbox 583 2742 669 2764; x_wconf 87' lang='lat' dir='ltr'><em>anno</em></span> <span class='ocrx_word' id='word_1_411' title='bbox 695 2733 790 2764; x_wconf 80' lang='grc'><strong><em>1768.</em></strong></span> <span class='ocrx_word' id='word_1_412' title='bbox 815 2733 962 2775; x_wconf 76' lang='lat' dir='ltr'><em>Iosepho</em></span> <span class='ocrx_word' id='word_1_413' title='bbox 994 2736 1033 2764; x_wconf 92' lang='lat'><em>11.</em></span> <span class='ocrx_word' id='word_1_414' title='bbox 1053 2736 1292 2776; x_wconf 84' lang='lat' dir='ltr'><em>transcriptum</em></span> <span class='ocrx_word' id='word_1_415' title='bbox 1323 2737 1505 2777; x_wconf 70' lang='lat' dir='ltr'><em>exemplum</em></span> <span class='ocrx_word' id='word_1_416' title='bbox 1537 2737 1803 2777; x_wconf 84' lang='lat' dir='ltr'><em>conspiciendum</em></span> 
     </span>
     <span class='ocr_line' id='line_1_43' title="bbox 91 2787 1800 2835; baseline 0.006 -19"><span class='ocrx_word' id='word_1_417' title='bbox 91 2787 326 2824; x_wconf 77' lang='lat' dir='ltr'><em>ostenderunt,</em></span> <span class='ocrx_word' id='word_1_418' title='bbox 359 2790 395 2817; x_wconf 85' lang='lat' dir='ltr'><em>ut</em></span> <span class='ocrx_word' id='word_1_419' title='bbox 425 2788 573 2819; x_wconf 83' lang='lat' dir='ltr'><em>dolorem</em></span> <span class='ocrx_word' id='word_1_420' title='bbox 604 2790 636 2820; x_wconf 89' lang='lat' dir='ltr'><em>ei</em></span> <span class='ocrx_word' id='word_1_421' title='bbox 656 2789 849 2825; x_wconf 83' lang='lat' dir='ltr'><em>inurerent,-</em></span> <span class='ocrx_word' id='word_1_422' title='bbox 881 2794 915 2821; x_wconf 89' lang='lat' dir='ltr'><em>at</em></span> <span class='ocrx_word' id='word_1_423' title='bbox 943 2791 1059 2822; x_wconf 81' lang='lat' dir='ltr'><em>Ca¹sar</em></span> <span class='ocrx_word' id='word_1_424' title='bbox 1081 2795 1213 2824; x_wconf 87' lang='lat' dir='ltr'><em>stultum</em></span> <span class='ocrx_word' id='word_1_425' title='bbox 1236 2792 1437 2823; x_wconf 81' lang='lat' dir='ltr'><em>mendacium</em></span> <span class='ocrx_word' id='word_1_426' title='bbox 1460 2794 1642 2835; x_wconf 67' lang='lat' dir='ltr'><em>stultosque</em></span> <span class='ocrx_word' id='word_1_427' title='bbox 1667 2795 1800 2826; x_wconf 82' lang='lat' dir='ltr'><em>menda-</em></span> 
     </span>
     <span class='ocr_line' id='line_1_44' title="bbox 91 2842 1799 2891; baseline 0.006 -19"><span class='ocrx_word' id='word_1_428' title='bbox 91 2852 147 2874; x_wconf 80' lang='lat' dir='ltr'><em>ces</em></span> <span class='ocrx_word' id='word_1_429' title='bbox 171 2842 301 2874; x_wconf 85' lang='lat' dir='ltr'><em>derisit.</em></span> <span class='ocrx_word' id='word_1_430' title='bbox 345 2843 395 2884; x_wconf 80' lang='lat' dir='ltr'><em>Cf.</em></span> <span class='ocrx_word' id='word_1_431' title='bbox 415 2844 608 2876; x_wconf 75' lang='lat' dir='ltr'><em>Heinrz&#39;ctiii</em></span> <span class='ocrx_word' id='word_1_432' title='bbox 635 2845 794 2877; x_wconf 78' lang='lat' dir='ltr'><em>Teutscbe</em></span> <span class='ocrx_word' id='word_1_433' title='bbox 819 2847 1053 2888; x_wconf 71' lang='lat' dir='ltr'><em>Rez&#39;elisyesch.</em></span> <span class='ocrx_word' id='word_1_434' title='bbox 1070 2850 1132 2879; x_wconf 81' lang='lat' dir='ltr'><em>vot.</em></span> <span class='ocrx_word' id='word_1_435' title='bbox 1154 2850 1187 2880; x_wconf 84' lang='lat'><em>3.</em></span> <span class='ocrx_word' id='word_1_436' title='bbox 1205 2860 1240 2889; x_wconf 86' lang='lat' dir='ltr'><em>p.</em></span> <span class='ocrx_word' id='word_1_437' title='bbox 1260 2850 1335 2879; x_wconf 84' lang='lat'><em>157.</em></span> <span class='ocrx_word' id='word_1_438' title='bbox 1381 2849 1531 2880; x_wconf 84' lang='lat' dir='ltr'><em>Ceterum</em></span> <span class='ocrx_word' id='word_1_439' title='bbox 1557 2851 1692 2891; x_wconf 84' lang='lat' dir='ltr'><em>‘captivi</em></span> <span class='ocrx_word' id='word_1_440' title='bbox 1708 2850 1799 2883; x_wconf 85' lang='lat' dir='ltr'><em>Otto-</em></span> 
     </span>
     <span class='ocr_line' id='line_1_45' title="bbox 92 2897 1803 2943; baseline 0.006 -14"><span class='ocrx_word' id='word_1_441' title='bbox 92 2899 143 2930; x_wconf 83' lang='lat' dir='ltr'><em>nis</em></span> <span class='ocrx_word' id='word_1_442' title='bbox 167 2897 398 2940; x_wconf 84' lang='lat' dir='ltr'><em>(imperatoris</em></span> <span class='ocrx_word' id='word_1_443' title='bbox 417 2900 496 2940; x_wconf 81' lang='lat' dir='ltr'><em>filii)</em></span> <span class='ocrx_word' id='word_1_444' title='bbox 520 2899 660 2932; x_wconf 83' lang='lat' dir='ltr'><em>vincula’</em></span> <span class='ocrx_word' id='word_1_445' title='bbox 686 2902 762 2942; x_wconf 89' lang='lat' dir='ltr'><em>ipsa</em></span> <span class='ocrx_word' id='word_1_446' title='bbox 782 2903 877 2943; x_wconf 78' lang='lat' dir='ltr'><em>salsa</em></span> <span class='ocrx_word' id='word_1_447' title='bbox 902 2913 975 2935; x_wconf 85' lang='lat' dir='ltr'><em>esse</em></span> <span class='ocrx_word' id='word_1_448' title='bbox 999 2905 1089 2935; x_wconf 85' lang='lat' dir='ltr'><em>inter</em></span> <span class='ocrx_word' id='word_1_449' title='bbox 1111 2906 1320 2937; x_wconf 86' lang='lat' dir='ltr'><em>recentiores</em></span> <span class='ocrx_word' id='word_1_450' title='bbox 1344 2909 1487 2937; x_wconf 84' lang='lat' dir='ltr'><em>constat.</em></span> <span class='ocrx_word' id='word_1_451' title='bbox 1535 2906 1620 2937; x_wconf 86' lang='lat' dir='ltr'><em>Vide</em></span> <span class='ocrx_word' id='word_1_452' title='bbox 1645 2907 1803 2940; x_wconf 88' lang='lat' dir='ltr'><em>Raumeri</em></span> 
     </span>
     <span class='ocr_line' id='line_1_46' title="bbox 93 2954 1798 3007; baseline 0.006 -22"><span class='ocrx_word' id='word_1_453' title='bbox 93 2954 350 2994; x_wconf 78' lang='lat' dir='ltr'><em>Hohenstaufen</em></span> <span class='ocrx_word' id='word_1_454' title='bbox 367 2958 430 2988; x_wconf 85' lang='lat' dir='ltr'><em>vol.</em></span> <span class='ocrx_word' id='word_1_455' title='bbox 443 2958 474 2988; x_wconf 88' lang='lat'><em>2.</em></span> <span class='ocrx_word' id='word_1_456' title='bbox 487 2967 522 2997; x_wconf 93' lang='lat' dir='ltr'><em>p.</em></span> <span class='ocrx_word' id='word_1_457' title='bbox 540 2958 617 2988; x_wconf 75' lang='lat'><em>204.</em></span> <span class='ocrx_word' id='word_1_458' title='bbox 668 2956 709 2977; x_wconf 78' lang='lat'><em>¹⁵²</em></span> <span class='ocrx_word' id='word_1_459' title='bbox 727 2958 829 2990; x_wconf 80' lang='lat' dir='ltr'><em>secla</em></span> <span class='ocrx_word' id='word_1_460' title='bbox 848 2961 877 2990; x_wconf 89' lang='lat'><em>1.</em></span> <span class='ocrx_word' id='word_1_461' title='bbox 928 2958 970 2980; x_wconf 78' lang='lat'><em>¹54</em></span> <span class='ocrx_word' id='word_1_462' title='bbox 988 2959 1106 2991; x_wconf 82' lang='lat' dir='ltr'><em>Germ.</em></span> <span class='ocrx_word' id='word_1_463' title='bbox 1126 2959 1256 3003; x_wconf 72' lang='lat' dir='ltr'><em>rostra]</em></span> <span class='ocrx_word' id='word_1_464' title='bbox 1277 2971 1376 2993; x_wconf 87' lang='lat' dir='ltr'><em>naves</em></span> <span class='ocrx_word' id='word_1_465' title='bbox 1393 2962 1618 3003; x_wconf 85' lang='lat' dir='ltr'><em>imperatoris.</em></span> <span class='ocrx_word' id='word_1_466' title='bbox 1681 2962 1798 3007; x_wconf 80' lang='lat' dir='ltr'><em>leone]</em></span> 
     </span>
     <span class='ocr_line' id='line_1_47' title="bbox 89 3010 1799 3062; baseline 0.007 -22"><span class='ocrx_word' id='word_1_467' title='bbox 89 3020 117 3041; x_wconf 82' lang='lat' dir='ltr'><em>s.</em></span> <span class='ocrx_word' id='word_1_468' title='bbox 140 3010 256 3042; x_wconf 87' lang='lat' dir='ltr'><em>Marci</em></span> <span class='ocrx_word' id='word_1_469' title='bbox 284 3011 495 3049; x_wconf 83' lang='lat' dir='ltr'><em>Venetorum,</em></span> <span class='ocrx_word' id='word_1_470' title='bbox 522 3014 614 3045; x_wconf 87' lang='lat' dir='ltr'><em>alato</em></span> <span class='ocrx_word' id='word_1_471' title='bbox 639 3013 681 3045; x_wconf 90' lang='lat' dir='ltr'><em>ab</em></span> <span class='ocrx_word' id='word_1_472' title='bbox 706 3015 820 3046; x_wconf 83' lang='lat' dir='ltr'><em>eodem</em></span> <span class='ocrx_word' id='word_1_473' title='bbox 844 3016 926 3048; x_wconf 86' lang='lat' dir='ltr'><em>duce</em></span> <span class='ocrx_word' id='word_1_474' title='bbox 953 3017 1058 3048; x_wconf 85' lang='lat' dir='ltr'><em>Ziano</em></span> <span class='ocrx_word' id='word_1_475' title='bbox 1083 3018 1116 3048; x_wconf 85' lang='lat' dir='ltr'><em>in</em></span> <span class='ocrx_word' id='word_1_476' title='bbox 1140 3019 1218 3058; x_wconf 89' lang='lat' dir='ltr'><em>ripa</em></span> <span class='ocrx_word' id='word_1_477' title='bbox 1242 3018 1421 3056; x_wconf 81' lang='lat' dir='ltr'><em>maritima,</em></span> <span class='ocrx_word' id='word_1_478' title='bbox 1456 3020 1510 3051; x_wconf 87' lang='lat' dir='ltr'><em>cui</em></span> <span class='ocrx_word' id='word_1_479' title='bbox 1532 3019 1694 3062; x_wconf 76' lang='lat' dir='ltr'><em>hodieque</em></span> <span class='ocrx_word' id='word_1_480' title='bbox 1719 3021 1799 3053; x_wconf 86' lang='lat' dir='ltr'><em>Pia-</em></span> 
     </span>
     <span class='ocr_line' id='line_1_48' title="bbox 91 3070 563 3106; baseline 0.004 -8"><span class='ocrx_word' id='word_1_481' title='bbox 91 3070 182 3098; x_wconf 79' lang='lat' dir='ltr'><em>:etta</em></span> <span class='ocrx_word' id='word_1_482' title='bbox 205 3077 320 3099; x_wconf 87' lang='lat' dir='ltr'><em>nomen</em></span> <span class='ocrx_word' id='word_1_483' title='bbox 344 3072 411 3106; x_wconf 87' lang='lat' dir='ltr'><em>est,</em></span> <span class='ocrx_word' id='word_1_484' title='bbox 438 3073 563 3100; x_wconf 86' lang='lat' dir='ltr'><em>erecto.</em></span> 
     </span>
    </p>
   </div>
  </div>
 </body>
</html>
