2081 3517
124 238 278 260 REMAM
298 239 342 259 DE
363 240 478 261 BELLO
499 239 596 260 SVSC.
613 238 697 260 ADV.
713 238 844 259 VENET.
860 237 902 258 ET
923 236 1059 258 TVRCAS
1081 235 1214 257 ORATIO
1234 234 1405 255 MAXIMIL.
1421 233 1504 255 AvG.
1523 234 1642 255 DICTA.
1681 213 1763 258 171

1623 337 1624 358 1
1644 334 1778 357 Scabrones

77 344 173 378 hanc
192 354 301 378 unam
326 343 564 378 calamitatem
585 342 748 385 evadant,
779 351 905 377 vereor
931 351 974 376 ne
996 340 1201 383 scabrones,
1233 343 1271 374 ut
1292 340 1404 381 aiunt,
1424 339 1587 374 irritave-
1646 365 1759 385 imm„

1680 391 1778 413 Hanni-

77 401 166 435 ritis.
220 402 368 445 poterat
386 398 582 442 Hannibal,
612 400 645 433 si
671 400 817 434 victoria
844 400 896 433 uti
915 399 1088 440 voluisset,
1120 398 1155 431 in
1175 396 1345 442 Capitolio
1373 395 1536 440 epulari.-
1558 405 1624 440 po—
1656 390 1726 444 'ML

56 459 197 501 ,terant
226 454 320 490 Galli
347 454 525 498 Senones,
556 456 589 490 si
611 456 768 500 paulum
793 454 907 489 ccdiziti
934 455 1141 496 voluissent,
1174 452 1382 498 Capitolium
1406 461 1486 485 cum
1514 450 1590 485 Ro-
1634 446 1775 499 ἐξάξω,

77 522 183 546 mano
210 512 351 545 nomine
379 512 487 546 simul
514 512 735 557 eoetinyuere.
789 511 931 555 utrique
967 509 1145 544 irritando
1177 519 1223 543 ac
1250 507 1453 543 dimittendo
1480 505 1666 542 Romanos
1694 517 1779 542 suos

48 580 63 604 5
79 578 122 602 ac
143 568 297 602 omnium
319 576 442 602 rerum
465 568 624 602 dominos
652 567 862 612 effecerunt.
923 565 1027 608 Quod
1056 567 1126 600 nisi
1147 565 1253 600 liuius
1282 564 1567 599 venenosissimoe
1587 573 1632 597 ac
1652 573 1779 598 resur-

75 625 363 670 9entis·viperce,
406 624 490 658 dum
520 622 639 658 adhuc
665 622 804 666 titubat,
842 624 1000 658 cervices
1019 621 1292 668 perfreyeritis,
1326 620 1491 666 prcedico
1519 619 1632 661 vobis,
1672 620 1778 665 quod,

78 681 110 715 si
142 690 214 714 non
250 684 321 714 tam
358 680 442 722 cito,
481 683 521 714 at
548 678 717 725 profecto
756 679 991 724 quandoque,
1035 680 1069 713 si
1103 689 1174 713 non
1202 687 1282 720 vos,
1324 680 1421 712 certe
1460 679 1597 711 vestros
1633 685 1778 710 succes—

80 745 182 771 sores
211 745 276 770 suo
300 744 432 770 veneno
460 736 592 780 inficiet
619 745 664 769 ac
697 736 808 780 spiris
844 734 1112 780 circumliyabit.
1173 734 1239 768 Est
1269 737 1456 779 proeterea
1492 732 1560 767 illis
1594 733 1777 767 consilium
1792 733 1867 764 §.¹0-

83 792 179 827 (tomi
205 796 238 826 et
266 801 330 826 ars
359 792 565 826 senatoria:
593 792 750 838 deliquid
773 801 823 825 ex
853 791 1091 825 callidissimis
1120 795 1152 825 et
1183 790 1436 826 versutissimis
1465 793 1606 823 senato-
1642 783 1781 834 ξξεῗζξωῖξζ

39 848 182 884 loribus
203 851 377 891 oratores,
408 858 497 893 quos
526 858 605 883 cum
637 847 780 890 retibus,
808 847 925 882 hamis
954 852 985 881 et
1012 849 1105 882 visco
1131 855 1287 892 pereyre
1316 847 1462 888 mittunt,
1493 855 1564 880 non
1593 845 1643 879 ad
1659 846 1782 890 pisces

80 908 142 939 aut
171 913 254 938 aves
280 903 498 939 irretiendas
528 908 591 938 aut
616 904 851 946 inescandas,
883 904 947 938 sed
973 903 1022 937 ad
1046 903 1227 949 fallendos
1256 907 1362 948 atque
1391 901 1619 947 decipiendos
1640 902 1780 947 princi-

77 971 166 1006 pum
193 960 342 995 animos.
403 959 560 995 Sanctus
590 961 786 1003 Antonius,
815 965 896 1003 aut,
938 966 973 995 ut
1003 960 1065 994 alii
1090 960 1227 1001 volunt,
1267 958 1406 993 Paulus
1431 958 1575 1004 primus
1617 954 1620 1007 Ι
1647 967 1675 991 s.
1693 968 1782 989 Antan.

78 1017 252 1051 heremita
282 1017 318 1051 in
345 1017 474 1062 spiritu
503 1022 631 1062 raptus
658 1017 743 1052 vidit
769 1017 933 1063 laqueos,
972 1026 1060 1062 quos
1088 1017 1174 1050 mali
1199 1015 1378 1049 dcemones
1407 1015 1548 1049 miseris
1575 1014 1782 1053 mortalibus

80 1073 320 1116 tetenderant,
352 1078 383 1108 et
412 1073 615 1108 admiratus
642 1073 865 1108 subtilitatem
894 1077 926 1108 et
948 1073 1280 1118 artificiosissimam
1310 1071 1572 1116 dispositionem
1602 1074 1636 1105 et
1656 1079 1780 1106 nume-

37 1139 65 1164 15
79 1141 160 1164 rum
184 1130 408 1175 laqueorum,
435 1130 468 1164 si
486 1131 678 1165 numerari
698 1131 906 1175 potuissent,
939 1130 1157 1164 exclamavit
1186 1127 1254 1162 ‘Ati
1274 1128 1542 1162 clementissime
1566 1127 1674 1161 deus!
1702 1127 1783 1173 quis

78 1196 237 1231 unquam
267 1185 331 1219 lios
358 1187 492 1221 evitare
512 1184 677 1232 poterit.‘’
720 1186 783 1221 Tot
811 1190 845 1221 et
873 1186 961 1220 tales
989 1188 1074 1220 sunt
1102 1185 1223 1229 laquei
1259 1183 1490 1226 Venetorum,
1521 1193 1610 1229 quos
1638 1183 1781 1218 miseris
1796 1182 1870 1214 §.¹1.

74 1241 300 1287 principibus
323 1246 649 1287 prceparaverunt.
706 1244 983 1285 Auctoritatem,
1008 1242 1219 1287 pecuniam,
1249 1239 1357 1275 urbes
1386 1250 1430 1274 ac
1449 1240 1660 1285 provincias
1691 1240 1781 1275 mul-

76 1302 132 1332 tas
180 1298 303 1333 Veneti
334 1298 593 1343 perdiderunt,-
624 1298 850 1344 superbiam,
897 1298 1016 1341 dolos,
1059 1296 1289 1342 vaframenta
1326 1306 1398 1331 non
1435 1296 1642 1331 amiserunt.
1703 1295 1785 1341 Ipsi

75 1354 236 1402 homines
263 1354 503 1389 crudelissimi
529 1354 689 1390 omnibus
719 1354 970 1400 cupiditatibus
998 1354 1192 1388 servientes
1216 1357 1425 1398 proponent
1456 1351 1550 1388 vobis
1588 1355 1670 1387 ante
1697 1362 1780 1387 ocu-

31 1411 132 1446 20103
157 1411 461 1445 commutationem
487 1410 667 1457 fortunae,
695 1411 956 1446 instabilitatem
983 1419 1105 1444 rerum
1134 1409 1397 1451 humanarum,
1422 1413 1454 1443 et
1481 1408 1678 1443 rationibus
1694 1407 1780 1454 phi-

76 1467 266 1513 losophicis
296 1471 329 1501 et
358 1465 556 1512 Scipionis,
584 1467 808 1510 Alexandri,
839 1467 998 1502 Csesaris
1027 1476 1071 1500 ac
1093 1466 1245 1500 aliorum
1277 1465 1453 1510 eoeemplis
1476 1464 1700 1499 conabuntur
1722 1463 1780 1499 voss

76 1523 127 1558 bis
169 1524 390 1558 clementiam
424 1524 669 1569 persuadere,
711 1525 867 1559 animum
906 1524 1067 1565 vincere,
1103 1521 1331 1557 iracundiam
1368 1522 1403 1555 in
1439 1522 1586 1556 victoria
1624 1522 1782 1556 maxime

76 1579 243 1615 cohibere
253 1594 263 1618 ;
300 1584 384 1614 tunc
411 1580 516 1615 deum
558 1591 602 1615 ac
640 1581 923 1616 miscricordiwn
965 1581 1041 1614 eius
1077 1578 1270 1614 obtestari:
1305 1577 1439 1612 addent
1464 1587 1612 1623 preces,
1649 1577 1784 1612 addent

70 1637 283 1682 pecuniam.-
311 1646 372 1671 vos
392 1638 634 1680 memineritis,
666 1639 759 1672 sicut
786 1637 922 1683 Utycces
940 1636 1029 1683 fecit
1051 1636 1134 1670 istos
1157 1634 1325 1669 Sirenum
1356 1637 1495 1677 cantus,
1526 1634 1615 1668 istas
1648 1629 1784 1683 Jeecunsa.

30 1703 62 1727 25
76 1693 304 1727 meretricum
329 1692 493 1728 citharas
519 1694 643 1728 surdis
672 1704 716 1728 ac
742 1693 915 1728 obturatis
944 1692 1096 1727 auribus
1120 1692 1339 1737 prceterire,
1379 1695 1412 1725 et
1441 1691 1493 1725 uti
1529 1691 1696 1736 exemplo
1727 1690 1785 1724 dei

74 1753 203 1784 contra
230 1748 444 1784 Antiochum
472 1750 515 1784 de
543 1761 611 1797 quo
639 1751 766 1796 legitur
796 1750 937 1785 ‘orabat
964 1749 1134 1785 scelestus
1163 1748 1286 1790 deum,
1317 1758 1340 1781 a
1368 1758 1436 1793 quo
1458 1757 1529 1782 non
1558 1751 1651 1782 esset
1677 1748 1782 1782 mise-

74 1806 272 1841 ricordiam
301 1806 586 1849 consecuturus',
625 1808 710 1853 quia
739 1811 824 1842 sunt
853 1807 911 1841 illa
942 1807 1061 1841 dulcia
1091 1805 1213 1841 Circes
1235 1804 1390 1850 pocula,
1428 1804 1490 1838 illa
1516 1813 1599 1839 esca
1626 1804 1780 1838 omnium

74 1862 274 1906 malorum,
316 1873 388 1908 qua
413 1862 587 1909 infoelices
612 1865 803 1909 principes
828 1864 964 1899 deliniti
989 1864 1025 1897 in
1056 1862 1235 1896 maximos
1261 1870 1407 1895 errores
1432 1861 1615 1906 primum,
1654 1860 1781 1895 deinde

75 1920 112 1953 in
142 1920 322 1953 maximos
349 1919 466 1954 luctus
497 1921 792 1965 prcecipitantur.
851 1921 926 1966 Aye
963 1929 1046 1954 vero
1071 1928 1158 1964 proe
1195 1917 1382 1963 desyderio
1419 1921 1452 1951 et
1488 1917 1680 1962 cupiditate
1717 1916 1778 1952 do·
1795 1918 1870 1950 §.12-

30 1988 62 2013 30
76 1975 240 2010 minandi
266 1976 298 2009 si
326 1975 475 2010 iusticice
492 1980 571 2017 ‚aut
599 1976 731 2011 leonori
756 1987 840 2019 suo,
879 1977 912 2010 sz·
947 1976 1010 2010 ulli
1041 1974 1222 2009 bominum
1252 1977 1314 2008 aut
1343 1973 1407 2007 deo
1435 1974 1508 2018 ipsi
1531 1984 1687 2019 unquam
1712 1982 1779 2017 pe-

1527 2024 1654 2052 Cupiditas
1673 2025 1752 2046 domi-

71 2036 295 2077 percerunt:
339 2034 434 2066 testis
471 2037 524 2067 est
559 2031 715 2067 Iacobus
749 2032 837 2068 Reos
871 2032 999 2078 Cypri,
1039 2041 1143 2077 quem
1179 2034 1328 2075 accepta
1351 2030 1462 2075 prius
1504 2024 1607 2079 'wch-
1630 2053 1779 2075 mmmm,

71 2090 109 2122 in
137 2098 292 2123 uxorem
319 2088 397 2133 filia
425 2090 544 2123 sancti
568 2088 693 2123 Marci
722 2086 806 2137 (ale,
844 2099 974 2123 amara
1004 2088 1101 2134 filia,
1130 2091 1164 2122 et
1191 2085 1392 2132 infaustum
1427 2087 1553 2120 matri-
1589 2080 1780 2137 [affl-“⁸3²³

72 2141 265 2191 monium!)
311 2155 385 2179 una
422 2154 502 2180 cum
534 2145 644 2191 filiolo
678 2147 771 2180 clam
809 2155 944 2180 veneno
977 2145 1219 2186 sustulerunt,
1258 2147 1296 2178 ut
1333 2142 1445 2188 Cypri
1479 2151 1608 2188 regno,
1650 2146 1689 2176 ut
1723 2143 1778 2176 in-

72 2202 152 2236 sula
189 2211 312 2236 novem
350 2202 531 2246 quondam
559 2211 755 2248 reynorum
782 2212 921 2248 capace
945 2203 1170 2247 potirentur,-
1198 2203 1302 2234 testes
1329 2202 1413 2233 sunt
1438 2198 1663 2233 Franciscus
1688 2197 1778 2234 Car-

30 2270 61 2294 :35
76 2258 231 2304 miynola
263 2262 295 2292 et
322 2257 613 2293 Bartholomceus
644 2259 880 2306 Bergomates
914 2262 1143 2304 coynomento
1176 2255 1297 2299 Coleo,
1340 2265 1463 2290 eorum

74 2316 263 2360 copiarum
288 2314 419 2357 duces,
458 2314 527 2350 duo
560 2319 644 2350 tunc
668 2316 704 2350 in
733 2325 775 2351 re
799 2316 946 2350 militari
970 2314 1278 2360 prcestctntissimi,
1310 2322 1464 2358 quorum

71 2371 178 2406 alteri
198 2374 354 2416 propter
381 2369 542 2416 facetum
565 2375 628 2407 aut
656 2373 865 2408 cavillosum
895 2372 1026 2407 dictum
1057 2372 1092 2406 in
1122 2370 1239 2405 media
1273 2370 1376 2404 curia
1416 2378 1560 2404 reorum
1598 2377 1698 2402 more
1721 2376 1776 2401 se-

71 2428 156 2462 curi
183 2432 294 2473 caput
315 2433 570 2473 amputavere,
600 2428 909 2464 Bartlzolomceum
934 2432 1050 2463 autem
1075 2430 1233 2473 propter
1262 2427 1420 2472 ingentes
1447 2434 1532 2470 opes
1557 2424 1681 2458 bellica
1703 2424 1775 2459 vir-

70 2488 142 2518 tute
179 2483 352 2529 qucesitas
381 2484 484 2518 etiam
515 2494 648 2520 veneno
681 2486 772 2520 clam
813 2485 1017 2520 necandum
1052 2487 1290 2519 curaverunt.-
1331 2482 1425 2516 testis
1461 2486 1513 2516 est
1548 2479 1868 2521 Patrz'arclz(c§.13.

1529 2266 1672 2289 franciscus
1702 2272 1781 2288 comes

1530 2295 1696 2323 Carmuynola.
1714 2295 1779 2316 Bar-

1530 2325 1664 2346 ttiolomeus
1680 2323 1762 2346 Coleo.

161 2616 174 2635 S
199 2615 422 2647 dimmitffido
442 2617 470 2646 1.
534 2614 547 2634 ⁹
574 2615 819 2648 calidissimis:
840 2620 870 2648 1.
948 2617 973 2637 ¹⁰
998 2617 1153 2659 retibus:
1182 2617 1212 2646 1.
1281 2614 1309 2634 ²⁴
1336 2613 1510 2655 Syrenum
1532 2615 1601 2645 l.2.
1664 2612 1693 2632 ²5
1718 2623 1775 2654 cy-

73 2672 199 2703 tharas
218 2673 292 2702 1.2.
354 2670 382 2691 ²⁶
407 2671 590 2703 Anthioci‘i
609 2674 639 2703 1.
702 2671 730 2691 ²⁶
754 2672 901 2716 legitur]
928 2674 976 2705 ΙΙ.
996 2671 1188 2704 Macchab.
1206 2671 1267 2702 IX.
1291 2669 1341 2702 13.
1412 2668 1439 2689 ³¹
1466 2669 1604 2711 Cyprus
1621 2669 1777 2701 Veneto-

74 2739 150 2759 rum
174 2727 325 2770 imperio
351 2729 509 2759 accessit
534 2738 565 2760 a.
588 2727 683 2760 1471.
726 2728 929 2762 Catharina
955 2729 1132 2761 cornaria
1163 2728 1200 2758 in
1230 2726 1498 2758 matrimonium
1531 2726 1618 2757 data
1642 2725 1776 2757 Iacobo

72 2785 160 2826 regi,
187 2794 291 2826 quem
316 2793 396 2815 cum
419 2793 560 2816 veneno
586 2785 826 2818 extinxissent
845 2797 877 2818 a.
900 2785 996 2817 1473.
1023 2784 1231 2826 dysenteria
1255 2783 1442 2814 laborasse
1469 2782 1650 2813 dicebant.
1693 2780 1777 2813 Cor-

70 2851 196 2872 naram
229 2840 468 2881 adoptaverat
498 2840 731 2882 Respublica.
773 2841 830 2873 Cf.
849 2843 952 2873 Hutt.
981 2841 1059 2873 exli.
1086 2852 1119 2871 v.
1142 2839 1213 2871 178.
1234 2850 1308 2880 sqq.
1345 2842 1380 2870 et
1410 2837 1653 2870 Maximiliani
1684 2848 1776 2880 resp,

71 2897 224 2929 Venetis
242 2896 376 2936 datum,
397 2906 506 2937 supra
523 2907 556 2937 p.
577 2895 651 2928 163.
720 2896 749 2917 34
778 2898 833 2929 De
853 2897 1147 2930 Carmaniolensi
1166 2899 1201 2927 et
1219 2895 1376 2927 Coleone
1404 2895 1451 2926 ef.
1467 2894 1564 2925 infra
1582 2894 1626 2925 ad
1644 2894 1776 2926 Venat.

71 2963 104 2984 v.
123 2951 201 2983 221.
229 2953 350 2993 „giltmn
375 2962 406 2985 85
431 2951 487 2992 nfft
512 2952 661 2993 gesdJidyt,
685 2957 718 2993 1³3
747 2953 796 2994 [ne
822 2954 894 2987 nmb
920 2954 1054 2995 nidmu,
1082 2957 1154 2985 ovet
1181 2953 1304 2984 klcinet
1330 2952 1427 2994 mind)
1445 2951 1569 2992 halben,
1592 2949 1643 2992 jre
1660 2950 1777 2991 bauht-

70 3007 138 3042 leflt
174 3008 380 3049 entbnubtcn.
417 3011 467 3041 015
499 3008 548 3048 [nc
577 3009 690 3049 bimur
718 3014 787 3043 *nem
820 3010 1062 3051 OEnrmngnolm
1094 3012 1207 3049 gcthun
1238 3009 1356 3049 bunis&
1405 3006 1574 3048 veneniget
1606 3006 1775 3047 OEhznnita.

69 3063 98 3084 ³⁵³
123 3064 199 3097 Ioh.
217 3065 444 3096 Particiaeus
469 3075 497 3096 s,
516 3065 754 3097 Partieiatius
781 3066 853 3105 „ab
879 3066 1083 3097 hominibus
1110 3065 1263 3096 adversa
1297 3064 1470 3095 factionis
1502 3074 1565 3105 pro
1598 3063 1674 3094 aede
1702 3063 1777 3094 divi

70 3121 188 3161 Petri,
217 3131 284 3162 quo
310 3131 494 3153 sacrorum
519 3121 607 3153 hora
633 3132 670 3153 se
698 3122 914 3162 contulerat,
942 3122 1087 3153 insidiis
1114 3123 1304 3162 exceptus,
1332 3129 1478 3151 summae
1505 3119 1698 3161 dignitatis
1725 3120 1776 3150 in—
