2081 3517
334 225 527 246 SABELLICI
547 224 670 246 RERVM
689 223 910 245 VENETARVM
929 221 1184 244 PANEGYRICVS
1203 222 1228 242 Ι.
1249 220 1546 242 GENETHLIACON.
1697 200 1784 245 301

590 739 757 775 MARCJ
784 739 1004 776 ANTONII
1031 738 1306 775 SABELLICI

386 816 480 848 ΗΕΒ
488 816 560 847 VJ]
590 815 905 848 VENETARVM
927 815 1282 848 PANEGJ’RJCVS
1309 813 1497 846 PRIMVS

888 881 994 912 QVOD

738 939 1155 979 GENETHLIACON

808 1014 1076 1041 INSCRIBITVR.

357 1098 444 1142 Quis
473 1109 647 1144 superum
678 1098 766 1134 mihi
789 1100 933 1144 plectra
965 1099 1079 1142 dabit,
1112 1099 1192 1144 quis
1219 1103 1318 1133 certa
1350 1099 1495 1143 roqami

359 1155 444 1190 Ocia
467 1155 607 1200 pandet
630 1157 696 1190 iter
728 1155 965 1201 Cim-hceaque
995 1158 1031 1190 in
1060 1160 1169 1190 antra
1200 1157 1384 1200 receptum

357 1210 519 1246 Iaso-uec
545 1212 657 1246 Aom'o
689 1215 823 1246 eamn?
853 1213 943 1246 videt
974 1212 1089 1246 Adria
1117 1215 1233 1245 mater

356 1267 519 1302 Pulchra
545 1268 654 1311 diem,
683 1268 773 1313 flavi
795 1279 863 1313 quo
896 1267 1061 1314 Tybridis
1090 1268 1220 1301 centula
1248 1266 1389 1300 tandem

324 1336 339 1359 5
358 1324 477 1359 Abluz't
505 1325 683 1369 (equoreis
705 1328 911 1358 nascentem
937 1324 1104 1369 fluctibus
1131 1324 1275 1365 urbem,

363 1379 492 1416 Urbem
523 1384 707 1414 terrarum
738 1381 887 1425 imperio
910 1380 1104 1425 pelayique
1121 1383 1320 1425 potentem,

358 1435 474 1479 Quam
502 1437 638 1482 yremio
666 1437 859 1481 complexa
886 1436 985 1481 fovet
994 1452 1002 1469 .-
1032 1446 1104 1470 non
1131 1435 1290 1470 Phoebus
1318 1438 1350 1469 el
1378 1434 1506 1476 Euan,

359 1492 439 1528 Non
468 1492 779 1538 milzz'Peyasicles
808 1492 972 1526 dederint
1000 1493 1036 1526 in
1067 1493 1233 1526 carmina
1262 1492 1354 1526 vires

90 1627 203 1658 Recte
231 1625 373 1667 quidem
401 1624 537 1656 monuit
556 1623 746 1655 Coehlaeus
773 1622 859 1664 (vol.
879 1625 907 1656 I.
927 1636 960 1667 p.
982 1623 1072 1664 1⁴26.)
1099 1623 1203 1664 „eius
1231 1619 1410 1663 [Hutteni]
1429 1622 1589 1652 Marcum
1622 1620 1714 1662 [cum
1740 1622 1800 1652 lie-

90 1683 189 1713 roico
216 1682 259 1713 de
284 1682 473 1723 piscatura
498 1679 732 1722 Venetorum]
760 1683 845 1712 tunc
871 1684 970 1712 recte
999 1680 1179 1722 accipies,
1209 1689 1315 1720 quum
1340 1678 1438 1719 prius
1463 1678 1598 1720 legeris
1625 1677 1801 1708 Sabellici

92 1748 237 1769 carmen
256 1737 299 1768 de
317 1737 536 1768 Venetorum
555 1739 635 1768 ortu
654 1739 690 1768 et
715 1737 792 1768 fato
821 1735 858 1778 [i.
878 1748 905 1768 e.
925 1737 1005 1768 haec
1032 1746 1110 1778 quae
1131 1733 1421 1767 ‘Genethliaoon'
1450 1737 1485 1766 et
1504 1733 1723 1765 ‘Graculum’
1751 1735 1801 1764 in—

92 1791 336 1835 scribuntur]‚
371 1793 434 1824 sed
465 1803 537 1834 non
568 1793 639 1824 nisi
670 1803 744 1824 una
777 1803 820 1824 ex
845 1797 949 1834 parte
981 1803 1106 1825 verum
1134 1795 1190 1824 est
1212 1791 1310 1833 quod
1341 1790 1403 1822 ille
1437 1790 1568 1829 adicit,
1602 1790 1679 1829 „nil
1707 1791 1801 1820 enim

93 1851 222 1891 quaerit
246 1850 314 1880 iste
340 1850 487 1880 Marcus
513 1848 582 1880 nisi
608 1849 814 1881 irrisionem
842 1859 963 1880 eorum
990 1849 1215 1880 iaetantiae'':
1243 1858 1325 1879 nam
1351 1848 1554 1886 Huttenus,
1581 1850 1620 1877 ut
1645 1846 1715 1877 fuit
1740 1857 1801 1887 pa-

92 1907 174 1937 triae
201 1906 473 1937 amantissimus
498 1905 621 1945 homo,
657 1915 726 1946 quo
753 1916 876 1937 amore
903 1905 1094 1936 Cochlaeus
1120 1914 1246 1946 parum
1272 1903 1503 1941 movebatur,
1538 1904 1574 1933 in
1602 1903 1636 1933 id
1664 1912 1802 1943 quoque

94 1962 330 1994 cummaxime
359 1962 516 1993 animum
548 1961 773 2001 intenderat,
806 1964 846 1992 ut
873 1962 1072 1993 Germanos
1098 1970 1179 1991 suos
1206 1960 1251 1991 ad
1276 1959 1410 1991 bellum
1436 1961 1561 1990 contra
1587 1958 1709 1989 hostes
1734 1958 1802 1988 Ve-

94 2022 198 2050 netos
224 2021 370 2049 strenue
396 2017 684 2059 prosequendum
711 2018 973 2049 exhortaretur.
1025 2016 1187 2049 Cochlaei
1214 2016 1403 2047 adnotatio
1429 2015 1742 2046 Foerstemannum
1768 2014 1803 2043 111

96 2086 176 2107 eum
204 2084 359 2105 errorem
386 2073 537 2113 induxit,
565 2076 605 2104 ut
630 2074 843 2115 opinaretur
859 2075 1021 2105 Marcum
1049 2073 1121 2104 dici
1146 2072 1214 2104 hoc
1240 2082 1387 2103 carmen
1406 2081 1426 2102 a
1445 2070 1621 2102 Sabelliei
1647 2070 1801 2107 nomine,

96 2142 176 2163 cum
202 2142 223 2162 a
248 2133 375 2161 sancto
392 2130 517 2161 Marco
536 2130 770 2161 Venetiarum
796 2134 947 2171 patrono
974 2129 1196 2171 adpellatum
1223 2138 1301 2159 esse
1327 2127 1560 2158 manifestum
1587 2127 1644 2156 sit.
1674 2143 1713 2146 —
1741 2125 1803 2156 Sa-

95 2187 222 2219 bellici
249 2187 428 2223 carmina,
457 2196 535 2227 quae
560 2186 753 2217 Huttenici
779 2187 929 2228 egregia
956 2187 1059 2227 quasi
1085 2184 1337 2226 supplementa
1363 2182 1685 2222 conmentariaque
1711 2185 1802 2218 sunt,

97 2243 259 2285 quamvis
283 2243 456 2273 Fortunae
482 2242 585 2273 triste
612 2243 682 2273 iter
708 2243 808 2273 circa
834 2253 975 2274 omnem
998 2241 1146 2273 Italiam
1172 2240 1317 2281 aliaque
1343 2249 1414 2270 non
1439 2238 1559 2277 nulla,
1588 2237 1714 2268 aedium
1741 2237 1803 2267 1111-

96 2300 220 2342 primis
239 2298 391 2330 molesta
410 2298 487 2329 fere
506 2298 684 2338 recensio,
712 2298 879 2340 longiora
903 2299 1107 2336 videantur,
1136 2298 1189 2327 ita
1215 2296 1421 2338 recognovi,
1447 2298 1487 2326 ut
1511 2293 1641 2324 menda
1666 2293 1804 2334 inpedi-

96 2359 289 2396 mentaque
317 2365 395 2395 quae
422 2354 606 2385 scribendi
633 2358 669 2385 et
694 2355 977 2396 interpungendi
1002 2364 1128 2396 parum
1154 2356 1275 2384 rectus
1302 2352 1475 2383 editionis
1502 2351 1590 2381 eius.
1619 2360 1688 2390 qua
1714 2352 1805 2388 utor,

97 2423 172 2445 mos
196 2411 394 2443 lectoribus
420 2410 584 2441 obiceret
611 2409 707 2449 (utor
732 2414 851 2442 autem
879 2410 1042 2452 exemplo
1070 2409 1162 2451 quod
1189 2410 1266 2440 sine
1301 2408 1477 2445 officinae,
1512 2406 1615 2444 anni,
1650 2405 1721 2437 loci
1755 2406 1805 2436 in-

97 2469 281 2500 dicatione
311 2465 482 2509 [Venet.?
502 2477 533 2497 a.
556 2465 689 2508 1502.?]
717 2467 754 2497 in
781 2466 842 2498 fol.
863 2467 916 2498 sie
942 2467 1158 2508 inscriptum
1182 2465 1317 2507 prodiit
1342 2473 1465 2494 POEMA
1491 2472 1539 2493 .11.
1566 2472 1721 2493 Axroxu
1750 2472 1807 2492 SA-

99 2535 262 2557 RELLICI.
292 2522 296 2564 Ι
327 2522 607 2554 Genethliacum
633 2523 785 2554 Venetae
819 2523 937 2554 urbis:
972 2523 1016 2554 ad
1050 2522 1245 2563 Georgium
1278 2519 1484 2552 Cornelium
1510 2519 1690 2559 Equitem.
1722 2517 1725 2556 Ι
1753 2519 1807 2548 De

100 2584 280 2623 apparatu
305 2579 457 2610 Venetae
482 2578 593 2609 urbis.
642 2579 778 2610 Poema
803 2589 923 2610 unum.
948 2579 952 2620 Ι
974 2579 1037 2610 ε’ίρ.
1064 2588 1147 2610 nain
1174 2578 1296 2609 Herm.
1323 2575 1533 2607 Torrentini
1559 2574 1808 2605 recensionem

99 2648 179 2669 cum
206 2647 331 2668 comm.
353 2646 384 2666 a.
406 2633 502 2665 1498.
521 2634 568 2665 40.
591 2634 724 2666 editam
752 2633 869 2676 [Haz‘n.
889 2646 923 2667 n.
946 2633 1080 2675 14060]
1107 2634 1151 2665 ad
1169 2644 1295 2665 manus
1313 2643 1381 2663 non
1403 2631 1504 2672 est.),
1534 2634 1704 2671 quantum
1729 2640 1808 2671 pos-

99 2703 175 2725 sem
200 2692 376 2731 tollerem,
405 2691 618 2722 adnotarem
645 2695 764 2723 autem
789 2702 908 2733 pauca
935 2702 1014 2733 quae
1040 2691 1185 2732 legendi
1213 2689 1502 2721 commoditatem
1530 2690 1723 2728 augerent,
1750 2696 1810 2717 ne-

100 2760 167 2791 que
192 2747 364 2779 indicatis
389 2751 553 2779 veterum
578 2750 765 2788 poetarum
790 2748 882 2779 locis
909 2759 987 2789 quae
1014 2747 1219 2778 Sabellicus
1246 2744 1466 2786 conpilavit,
1493 2753 1609 2784 neque
1635 2743 1810 2774 varianti-

100 2807 165 2837 bus
192 2816 222 2846 q.
244 2815 276 2837 ν.
297 2804 485 2845 scripturis
513 2803 706 2844 adscriptis
732 2804 802 2835 nisi
826 2804 889 2835 ubi
915 2804 1080 2845 quaedam
1105 2803 1309 2834 necessitas
1343 2802 1502 2841 cogeret.
1543 2799 1661 2839 Ipsius
1688 2801 1810 2829 aueto-

101 2862 149 2892 ris
175 2860 347 2891 Historiae
374 2870 491 2890 rerum
509 2859 730 2890 Venetarum
756 2860 801 2891 ab
827 2860 914 2891 urbe
943 2860 1092 2891 condita
1116 2858 1202 2890 libri
1218 2857 1385 2888 XXXIII.
1406 2859 1442 2887 et
1467 2856 1502 2885 in
1527 2855 1653 2896 primis
1679 2855 1811 2886 Franc.

102 2916 296 2949 Sansovini
326 2917 469 2947 Venetia
494 2915 576 2945 ez'ttti
600 2914 801 2946 nobilissima
825 2921 858 2947 et
881 2918 1049 2956 singyolure
1076 2913 1133 2955 (In
1159 2914 1285 2944 Venet.
1308 2912 1404 2944 1604.
1423 2911 1485 2951 40.)
1511 2922 1574 2953 pro
1602 2915 1811 2942 conmenta-

533 2970 585 3001 rio
613 2970 657 3001 ad
683 2971 749 3001 hoc
776 2982 923 3002 carmen
949 2972 1086 3012 scripto
1114 2980 1192 3001 esse
1219 2971 1379 3010 possunt.

1403 3081 1416 3088 ,

194 3083 304 3126 Qvon]
331 3085 352 3115 ἰ.
373 3097 402 3116 e.
430 3086 499 3117 eui.
594 3085 608 3104 ²
640 3085 755 3116 Cirrh.
783 3083 829 3126 a.]
864 3087 954 3116 loeus
985 3085 1114 3116 oraculi
1144 3084 1308 3124 Delphici.
1407 3089 1413 3101 ¹
1449 3092 1553 3113 enam
1581 3084 1610 3112 I.
1644 3081 1810 3113 Bacchus.
