2081 3517
294 194 322 240 4
658 211 846 234 PRAEFATIO
865 208 1037 232 EDITORIS
1056 207 1102 230 AD
1120 206 1239 230 OMNES
1259 205 1452 234 QvATTvOR
1470 203 1619 227 PARTES.

292 326 369 347 rum
399 315 624 357 publicarum
654 318 751 345 recte
785 310 1146 344 administrandarum
1178 309 1341 349 beneque
1372 307 1609 349 gerendarum
1646 307 1735 338 artis
1769 306 1830 338 vix
1864 306 1982 337 minus

293 372 472 403 studiosus
505 380 608 411 quam
641 372 740 401 cuius
772 370 882 400 vitam
914 367 969 398 his
993 366 1074 396 unis
1107 364 1237 396 officiis
1268 367 1381 395 totam
1413 363 1683 395 destinavisset.
1730 362 1858 393 Musea
1881 365 1980 403 pote-

291 432 347 458 rat
371 427 590 467 relinquere,
617 427 739 458 Musas
763 435 831 455 non
854 422 986 464 potuit;
1014 420 1077 452 sed
1102 421 1138 450 in
1162 430 1287 451 musea
1312 420 1439 459 etiam,
1466 419 1631 461 quotiens
1654 414 1782 459 potuif,
1807 417 1916 448 rediit
1939 416 1982 447 li-

291 484 434 522 benter,
467 482 766 522 liberalioresque
797 480 938 510 litteras
972 480 1008 508 et
1040 486 1162 507 earum
1191 478 1476 517 propugnatores
1501 478 1540 506 ut
1564 475 1706 506 sincere
1733 473 1895 512 amabat,
1930 473 1983 504 ita

292 541 349 582 pie
382 539 526 571 colebat
558 549 599 569 ac
631 542 775 568 strenue
809 535 852 565 ab
884 532 1045 564 hostibus
1076 532 1217 573 ingenii
1247 541 1385 573 quoque
1420 531 1527 562 armis
1559 529 1781 562 defendebat
1815 528 1982 569 laetisque

291 597 364 627 suis
394 594 562 626 laudibus
595 591 815 624 celebrabat.
865 589 941 627 Quo
971 588 1094 629 itaque
1126 587 1247 627 modo,
1280 590 1320 618 ut
1351 597 1459 628 supra
1484 587 1635 628 primam
1659 589 1800 627 partem
1825 595 1904 616 cum
1930 594 1983 615 se-

292 652 425 689 cunda,
466 648 690 691 quantumvis
722 646 836 676 altera
869 645 913 676 ab
947 644 1063 675 altera
1096 643 1240 674 diversa
1271 643 1336 680 sit,
1374 643 1557 674 cohaerere
1591 645 1627 673 et
1655 645 1846 682 utramque
1877 639 1984 672 solidi

292 707 394 748 quasi
420 705 575 746 eorporis
600 702 794 734 membrum
820 710 899 731 0550
925 699 1148 740 significavi,
1180 709 1300 730 rursus
1325 699 1484 731 secunda
1509 698 1554 730 ad
1579 698 1724 729 tertiam
1748 697 1802 728 ita
1828 695 1981 733 accedit,

290 767 328 794 ut
366 762 480 793 altera
514 760 618 791 alteri
654 768 731 789 sese
768 757 943 795 insinuet,
977 756 1085 796 inque
1122 759 1285 796 quartam
1323 759 1447 796 aperto
1480 754 1626 785 tramite
1657 755 1860 784 transeant.
1908 762 1982 783 cer-

291 819 427 849 tamina
453 820 576 848 contra
603 815 735 846 curiam
761 813 958 843 Romanam
982 821 1046 852 pro
1070 810 1243 842 libertate
1270 811 1472 842 Germaniae
1499 810 1738 851 ecclesiaeque
1769 808 1981 845 sanctitate,

289 878 328 906 ut
360 878 433 905 tum
463 883 519 904 res
551 874 667 906 erant,
701 880 763 910 pro
786 867 946 899 Luthero
976 867 1119 898 institui
1150 866 1348 898 debebant:
1381 869 1551 907 quantum
1582 865 1655 897 illis
1685 866 1875 897 universus
1906 864 1981 895 fere

290 935 463 962 terrarum
489 927 584 959 orbis
609 930 693 957 tunc
719 923 895 956 concitari
920 924 1082 964 coeperit,
1111 926 1247 964 quanta
1272 922 1485 954 fortitudine
1502 922 1684 953 Huttenus
1703 921 1828 953 eadem
1844 930 1982 962 pugna-

289 986 398 1025 verit,
433 985 584 1024 (lenique
610 986 648 1012 ut
672 992 742 1012 11011
767 980 931 1012 hostibus
957 979 1020 1010 sed
1044 979 1164 1010 morbo
1190 979 1328 1010 fractus
1353 978 1582 1017 occubuerit,
1616 988 1719 1009 nemo
1745 978 1805 1018 qui
1828 977 1908 1008 haec
1932 976 1982 1008 le-

289 1045 350 1083 get
376 1050 550 1081 exponere
576 1038 679 1068 huius
704 1037 774 1068 loci
800 1046 879 1067 0550
905 1035 1064 1077 putabit,
1099 1038 1137 1065 ut
1166 1045 1233 1066 nee
1264 1034 1368 1065 liuius
1399 1033 1470 1064 loci
1503 1037 1557 1064 est
1587 1033 1832 1065 demonstrare
1856 1033 1985 1064 Hutte-

288 1107 371 1127 num
394 1096 500 1127 rebus
528 1093 790 1126 ecclesiasticis
808 1091 1049 1123 reformandis
1068 1091 1120 1121 rei
1138 1089 1290 1131 publicae
1307 1089 1563 1130 libertatisque
1583 1088 1808 1121 Germanicae
1825 1088 1985 1120 nationis

290 1162 399 1184 causa
433 1161 554 1182 01111105
586 1150 671 1181 vitre
703 1158 833 1180 nervos
867 1147 1117 1185 contendisse,
1151 1146 1231 1176 dum
1257 1145 1435 1176 Lutherus
1466 1156 1537 1177 11011
1561 1146 1631 1177 11151
1656 1145 1739 1177 fidei
1765 1145 1984 1176 Christianae

289 1218 398 1240 eausa
425 1208 622 1238 Romanam
648 1205 841 1236 ecclesiam
868 1203 1085 1235 sollicitaret
1109 1212 1244 1244 proque
1270 1202 1495 1243 principibus
1527 1212 1570 1233 ac
1599 1202 1707 1234 rebus
1738 1201 1912 1243 publicis,
1945 1204 1986 1231 ut

287 1273 467 1295 sacrorum
491 1262 683 1293 bibliorum
708 1271 772 1302 per
797 1260 915 1291 omnia
941 1268 1107 1300 suprema
1133 1258 1332 1289 auctoritas
1358 1262 1463 1297 esset,
1491 1261 1616 1289 contra
1639 1257 1829 1300 pontifices
1853 1257 1983 1288 Roma-

286 1330 351 1352 nos
378 1320 511 1351 acriter
536 1319 736 1349 dimicaret.
786 1327 891 1358 (1113111
916 1316 1011 1346 inter
1040 1319 1227 1355 utrumque
1258 1313 1369 1345 heroa
1401 1313 1644 1345 differentiam
1677 1313 1983 1345 convenientiam-

288 1387 354 1418 que
380 1377 456 1417 ipse
483 1378 601 1406 noster
626 1373 752 1404 melius
780 1383 883 1414 quam
910 1371 954 1402 ab
982 1370 1054 1401 alio
1079 1370 1344 1402 demonstratas
1369 1381 1423 1401 me
1448 1369 1571 1411 legere
1596 1370 1755 1408 memini,
1780 1369 1914 1401 litteris
1940 1369 1985 1400 ad

286 1432 481 1463 Lutherum
507 1431 652 1471 scriptis
679 1440 721 1460 ac
746 1429 926 1471 111-1001111ιο
953 1427 1008 1458 his
1032 1426 1325 1458 memorabilibus
1348 1426 1470 1457 verbis
1501 1437 1607 1465 „mea
1631 1426 1789 1457 humana
1813 1428 1912 1466 sunt,
1946 1428 1985 1456 tu

287 1488 484 1530 perfectior
515 1487 586 1517 iam
618 1489 714 1517 totus
747 1496 789 1515 ex
821 1484 952 1515 divinis
978 1483 1187 1524 dependes“
1214 1482 1298 1522 (vol.
1321 1483 1362 1514 [I.
1380 1494 1413 1524 p.
1432 1482 1502 1523 55.)
1529 1493 1611 1514 mea
1635 1482 1777 1524 quidem
1802 1482 1985 1514 sententia
2013 1503 2017 1507 .

288 1544 473 1586 expressit.

374 1601 497 1631 Pauca
531 1610 573 1629 ex
605 1598 765 1629 munibus
799 1607 875 1638 quu-
902 1596 1044 1638 repperi
1070 1595 1223 1626 Hutteni
1250 1595 1469 1626 carminibus
1495 1595 1651 1636 (repperi
1677 1599 1795 1627 autem
1823 1595 1985 1636 quamvis

289 1659 396 1687 antea
421 1655 556 1686 inedita
576 1654 651 1685 fere
670 1653 778 1691 nulla,
807 1653 980 1694 conplura
1005 1656 1138 1690 tamen,
1167 1661 1281 1692 eaque
1306 1651 1450 1682 minime
1477 1651 1690 1692 spernenda,
1718 1662 1810 1693 quae,
1838 1661 1916 1682 cum
1941 1650 1984 1681 li-

288 1712 394 1743 bellis
414 1712 682 1743 continerentur
700 1719 845 1750 quorum
864 1708 1027 1750 exempla
1044 1708 1103 1739 vix
1121 1708 1184 1738 uni
1203 1712 1265 1738 aut
1284 1708 1391 1739 alteri
1409 1708 1618 1749 conspicere
1636 1707 1758 1738 datum
1776 1707 1856 1746 fuit,
1875 1706 1984 1748 plane

289 1770 325 1799 in
351 1767 569 1799 oblivionem
596 1766 775 1805 abierant)
803 1767 840 1796 in
865 1765 931 1796 hoc
956 1764 1125 1796 volumen
1150 1774 1221 1795 non
1246 1764 1379 1806 recepi,
1407 1767 1545 1805 utpote
1565 1774 1640 1805 quae
1658 1765 1695 1795 in
1712 1763 1862 1805 reliquis
1881 1765 1985 1804 quat-

287 1828 368 1855 tuor
398 1824 504 1855 tomis
537 1833 636 1854 suum
667 1822 799 1861 locum,
836 1831 1003 1862 eumque,
1037 1821 1068 1851 si
1100 1831 1120 1851 3
1151 1821 1346 1862 perpaucis
1371 1820 1584 1857 recesseris,
1611 1820 1798 1851 iustiorem
1824 1830 1929 1861 quam
1954 1820 1985 1851 si

289 1880 408 1911 omnia
431 1879 515 1910 huic
539 1879 713 1909 volumini
738 1887 998 1915 reservassem,
1031 1877 1102 1907 iam
1135 1877 1360 1908 invenerant.
1408 1877 1461 1907 Ne
1492 1887 1577 1908 vero
1607 1876 1774 1908 inmerito
1799 1877 1837 1907 in
1861 1875 1986 1918 negle-

289 1936 422 1977 gentiae
449 1936 582 1966 crimen
607 1935 818 1965 inciderem.
852 1934 962 1965 etiam
987 1933 1045 1964 hic
1071 1933 1269 1964 omittenda
1294 1933 1456 1964 carmina
1481 1943 1522 1964 eo
1549 1933 1711 1974 quodque
1736 1932 1816 1964 loeo
1842 1942 1984 1964 conme-

288 1992 425 2023 moravi
450 2001 552 2032 quem
579 1992 612 2021 ei
637 1991 829 2027 dedissem,
865 1991 896 2021 si
920 2000 991 2021 non
1017 1990 1172 2021 omnium
1198 1989 1351 2020 Hutteni
1377 1999 1540 2030 operum,
1574 1989 1637 2020 sed
1660 1990 1881 2030 poeticorum
1906 1992 1985 2020 tan-

287 2050 360 2078 tuin
378 2047 478 2078 modo
498 2047 692 2078 editionem
710 2047 947 2088 paravissem.
996 2047 1112 2087 Atque
1130 2045 1208 2077 haec
1226 2047 1307 2087 ipsa
1332 2045 1437 2084 ratio,
1464 2049 1503 2076 ut
1529 2049 1672 2094 taceam
1698 2045 1784 2085 alia,
1810 2046 1900 2076 satis
1925 2045 1987 2076 de-

288 2103 404 2134 clarat
429 2114 490 2134 cur
514 2113 608 2134 nunc
636 2103 679 2133 ad
706 2113 749 2134 03
775 2113 853 2143 quae
880 2113 923 2133 ex
947 2102 1122 2144 Epistolis
1149 2102 1379 2133 obscurorum
1403 2102 1559 2133 virorum
1582 2102 1744 2133 Hutteno
1777 2101 1903 2132 deberi
1933 2101 1985 2133 vi-

287 2159 449 2197 deantur,
477 2160 617 2190 omnino
642 2169 713 2189 nou
738 2159 973 2200 respexerim:
999 2158 1054 2189 his
1081 2158 1176 2189 enim
1201 2157 1364 2199 epistolis
1389 2168 1489 2189 suum
1514 2157 1682 2189 volumen
1706 2157 1870 2197 debetur,
1897 2157 1987 2198 quod

290 2224 310 2244 a
335 2225 390 2245 me
417 2214 641 2246 elaboratum
666 2220 747 2256 post
770 2215 838 2246 hoc
865 2215 921 2246 edi
947 2225 1064 2255 spero.
