2081 3517
247 203 335 247 182
734 216 906 238 LVDOVICI
926 214 1078 235 HELlANI
1098 196 1255 234 VENATI'O
1274 211 1432 232 LEONVM.

505 323 687 364 Cer-cassi,
718 320 923 364 Aethiopes,
953 315 1200 351 Mamalucchi
1227 315 1507 361 Iannizarique,

620 378 745 413 Omnia
765 374 935 421 purqavit
965 373 1082 407 littora
1105 372 1304 417 prodigiis,-

507 436 628 481 Hique
656 435 850 468 venenatas
880 430 1060 474 liquerunt
1090 427 1269 462 Phasidos
1291 427 1429 471 undas,

458 503 489 529 32
622 488 684 524 Illi
711 488 867 521 Niliacos
893 484 1086 518 deseruere
1113 486 1234 522 sinus;
1260 516 1263 518 ,

510 547 588 582 Non
621 545 749 579 absunt
775 541 884 587 Lydi,
917 539 1156 585 Strophades,
1187 550 1258 574 non
1293 538 1412 584 Syrus
1445 538 1613 581 Orontes,

622 601 694 634 Nee
721 607 827 644 qens,
855 597 966 641 plena
992 596 1098 639 odiis,
1131 596 1290 639 Punica,
1317 594 1474 640 fraude,
1507 595 1616 633 dotis,-

509 659 664 693 Piratce,
687 653 858 700 profuqi,
890 652 1052 686 damnati
1074 652 1332 697 saerileqique‚

460 724 491 749 3ss
623 710 800 751 Mendici,
832 709 945 751 mimi,
974 707 1077 742 turba
1105 706 1269 753 nefanda
1299 708 1433 741 maris:

511 769 670 813 Denique
697 765 904 800 criminibus
931 764 1067 798 cunctis
1093 762 1266 808 patefecit
1295 764 1432 809 asylum
1444 777 1456 802 ‚-

622 823 714 857 Ha’c
743 826 894 867 staqna,
925 819 989 854 hos
1016 823 1143 862 cestus,
1175 819 1242 853 has
1261 821 1398 864 petiere
1426 829 1551 857 casas,-

513 880 701 917 Colluviem
726 881 758 912 et
786 877 899 922 fceees
928 876 1109 910 hominum
1140 875 1276 921 colleyit
1302 876 1339 909 in
1370 886 1498 917 unum,
1532 888 1541 890 ⁴

462 949 493 973 4ο
625 935 670 969 Et
699 937 782 979 quot
806 936 913 966 erant
936 931 1112 974 homines,
1144 934 1190 966 tot
1220 931 1313 966 dedit
1338 940 1414 965 esse
1442 932 1563 976 feras‚

513 993 562 1027 Et
589 991 711 1036 (liquos
741 993 867 1023 teretes
894 988 1027 1034 rigidos
1053 988 1214 1022 curvavit
1242 988 1277 1020 in
1307 997 1483 1032 unques„

631 1047 674 1082 Ut
691 1049 841 1092 possent
864 1053 998 1090 rapere
1030 1048 1061 1078 et
1089 1040 1350 1088 rapta'tenere
1378 1042 1459 1079 diu,-

515 1103 673 1139 Gutturis
698 1102 830 1147 iuqcnti
856 1099 1068 1134 barathrum
1095 1098 1269 1144 patefecit
1296 1098 1413 1140 hiatu,

464 1171 495 1195 41
628 1159 824 1204 Inqluz·iem
847 1161 971 1202 posset
995 1156 1092 1201 quod
1117 1156 1253 1190 satiare
1279 1154 1386 1193 nihil,-

515 1217 610 1251 Nece
631 1215 899 1260 propinquaret
924 1222 994 1247 neu
1024 1213 1103 1258 quis
1126 1216 1331 1256 superesset
1358 1212 1516 1253 amicus,

630 1271 836 1317 Spirantem
864 1270 1024 1315 graviter
1052 1269 1153 1303 iussit
1177 1268 1273 1302 olere
1301 1268 1479 1301 animam.-

517 1329 594 1363 Non
626 1329 731 1369 satis,
763 1325 922 1371 alipedes
951 1324 1111 1359 humeris
1139 1333 1280 1369 quoque
1308 1324 1434 1358 nexuit
1459 1324 1554 1365 alus,

466 1396 498 1422 48
638 1383 680 1418 Ut
703 1383 877 1428 pelagus,
906 1385 1060 1424 montes,
1090 1384 1128 1414 ut
1155 1389 1268 1425 super
1297 1383 1398 1414 astra
1429 1380 1560 1414 volent:

520 1441 640 1475 [ratos
665 1438 754 1483 fecit
784 1438 898 1473 vultus
924 1441 1109 1483 torvosque
1137 1436 1273 1478 leones,

631 1494 832 1530 Horribiles
858 1494 954 1535 visu,
987 1492 1232 1538 terribilesque
1260 1502 1358 1527 sono.

517 1552 585 1587 His
612 1551 738 1597 furiis,
770 1550 826 1584 his
850 1550 1032 1584 tormentis
1061 1550 1131 1582 iam
1156 1549 1249 1582 mille
1270 1558 1339 1594 per
1369 1558 1484 1582 annos

467 1619 500 1644 52
632 1608 706 1642 Nos
736 1606 823 1641 deus
853 1609 886 1640 et
913 1609 1053 1640 nostros
1082 1605 1306 1639 excruciavit
1332 1614 1428 1639 avos.

520 1664 672 1699 Fallitur
701 1662 768 1697 hoc
795 1663 858 1708 qui
884 1671 939 1697 me
968 1661 1181 1695 maledicere
1209 1662 1369 1695 carmine
1398 1660 1527 1701 credit,

631 1719 757 1754 Reddo
780 1719 968 1753 lacessitus
992 1718 1217 1763 damnaque,
1247 1717 1358 1751 reddo
1386 1717 1497 1751 vices.-

520 1777 708 1812 Lceserunt
729 1776 834 1815 alios,
864 1784 920 1809 me
944 1774 1170 1819 dirripuerc;
1199 1773 1263 1807 sed
1288 1773 1380 1807 ultor

469 1843 500 1868 5ss
632 1831 799 1867 Carmine
830 1831 918 1865 bella
947 1840 1052 1876 yero,
1083 1829 1169 1864 Rex
1197 1838 1294 1863 meus
1324 1838 1408 1863 ense
1433 1830 1535 1874 qerit.

520 1889 612 1924 Iura
643 1888 777 1922 dabant
804 1888 917 1933 iqnem
947 1896 996 1921 ecc
1026 1885 1125 1931 facie
1153 1885 1358 1931 rabiemque
1387 1890 1580 1927 vomentes,

632 1944 702 1978 Hic
732 1944 880 1989 infamis
909 1952 1014 1985 eras⁷
1044 1941 1236 1980 Barthole,
1268 1945 1394 1976 sancte
1422 1942 1519 1975 aliis:

522 2000 698 2047 Quicquid
726 2003 806 2034 erat
829 1998 980 2045 pulchri
1006 1998 1163 2032 subiecta
1185 2007 1258 2043 per
1283 1997 1413 2043 oppida
1443 1998 1607 2043 (utusque

472 2069 505 2093 60
648 2056 849 2091 Verrebant
877 2055 981 2090 avida
1011 2054 1090 2089 vilia
1116 2064 1213 2088 saxa
1243 2065 1372 2088 manu:

524 2113 627 2157 Quod
653 2113 829 2158 reliquum
853 2111 979 2157 fuerat
1003 2111 1113 2144 catuli
1131 2110 1299 2156 foetoeque
1329 2111 1452 2144 lecena‘

644 2168 864 2212 Terrebant,
891 2167 1112 2213 famulceque
1137 2171 1169 2201 et
1195 2169 1297 2212 niqer
1321 2176 1384 2201 ore
1407 2166 1571 2205 Charon,-

521 2225 754 2260 Damnabant
781 2226 874 2260 cives
903 2225 1026 2269 aliqua
1054 2223 1119 2257 sub
1150 2224 1310 2257 criminis
1338 2222 1484 2265 umbra,

473 2294 505 2319 iao
637 2281 709 2316 Sed
731 2290 911 2327 proceres
941 2280 1014 2314 solo
1043 2278 1110 2313 hoc
1138 2275 1278 2313 nomine
1307 2279 1441 2314 crimen
1473 2283 1597 2313 erant:

528 2337 729 2373 Torrebant
750 2338 825 2372 oleo
855 2337 1004 2370 miseros
1027 2334 1178 2380 ferrove
1207 2335 1358 2378 calenti,-

634 2393 707 2428 Iste
736 2404 901 2436 manum,
927 2392 986 2426 hic
1015 2392 1136 2426 oculos
1158 2391 1337 2436 perdidit,
1362 2391 1420 2425 ille
1451 2395 1569 2436 caput.

527 2450 734 2485 Stridebant
758 2449 887 2495 populi
911 2453 944 2483 et
966 2449 1081 2490 tacite-
1099 2456 1166 2482 sua
1195 2447 1328 2481 damna
1357 2447 1560 2493 yemebant,

477 2517 509 2543 οῖς
650 2506 693 2542 Ut
718 2506 871 2541 strident
899 2504 1032 2550 Styqice
1059 2503 1124 2538 sub
1152 2503 1435 2539 Rhadamantho
1466 2505 1605 2540 animce.

527 2564 699 2611 Appellas
728 2563 836 2597 lcesus
865 2560 1017 2607 rigidum
1046 2564 1281 2605 sanctumque
1307 2564 1469 2595 senatum
1482 2574 1492 2594 .·

638 2618 824 2660 Herodes,
857 2616 1045 2664 Cayphas,
1075 2616 1201 2659 Anna,
1232 2615 1371 2650 Pilatus
1404 2621 1520 2651 erant.

351 2751 378 2771 ³2
403 2752 570 2784 Hiliacos
596 2754 626 2783 1.
711 2749 740 2771 35
764 2751 934 2791 Pyrrate:
961 2752 992 2782 1.
1075 2746 1106 2796 J³⁷
1129 2748 1287 2780 mimini:
1315 2750 1344 2780 1.
1431 2747 1459 2767 ³⁷
1483 2748 1654 2790 Asyllum.
1683 2751 1713 2780 1.
1799 2747 1828 2767 ³⁹
1853 2748 1957 2779 bara-

263 2812 356 2840 trum
382 2811 413 2839 1.
491 2807 518 2828 4⁴
543 2808 686 2840 saciare
713 2809 743 2838 1.
822 2805 849 2825 55
873 2806 1080 2838 Ludovieus
1105 2805 1185 2836 XII.
1263 2803 1289 2824 ⁵5
1315 2805 1382 2836 Hie
1407 2806 1481 2836 iura
1505 2815 1569 2836 non
1594 2804 1822 2836 observantur.
1870 2804 1957 2835 Bar-

264 2863 376 2906 thole]
412 2865 458 2896 cf.
478 2864 549 2897 vol.
569 2865 600 2897 I.
619 2875 652 2905 p.
674 2863 746 2895 177.
767 2863 811 2894 ad
835 2873 868 2894 v.
887 2862 918 2895 6.
1012 2861 1040 2881 ⁶⁰
1071 2861 1255 2892 Vei-ebant
1282 2862 1312 2891 1.
1406 2860 1431 2880 ⁶¹
1464 2861 1608 2903 feteque
1635 2862 1664 2892 1.
1757 2859 1786 2880 ⁶8
1816 2859 1958 2891 Rhada-

264 2925 385 2952 manto
412 2924 441 2952 1.
534 2920 562 2941 ⁷⁰
586 2920 750 2952 Herodes
776 2919 930 2961 Antipas
957 2917 1017 2959 qui
1042 2918 1215 2949 Ioannem
1241 2916 1438 2948 decollavit
1462 2916 1678 2958 Christoque
1705 2916 1848 2948 docenti
1872 2915 1960 2946 insi-

266 2978 385 3008 diatus
412 2981 476 3008 est.
527 2977 705 3018 Caiphas,
733 2976 897 3019 pontifex
923 2974 1061 3006 Christi
1084 2976 1235 3005 mortem
1260 2972 1364 3004 falsis
1390 2973 1545 3004 testibus
1577 2973 1805 3014 provocavit;
1836 2972 1960 3002 Annas

267 3043 346 3064 cum
372 3032 511 3074 Caipha
537 3033 763 3065 sacerdotum
788 3033 955 3074 princeps
982 3030 1041 3072 qui
1073 3030 1118 3061 ad
1148 3030 1242 3061 huno
1269 3028 1450 3060 Christum
1480 3028 1634 3070 ligatum
1664 3028 1778 3067 misit;
1810 3018 1960 3059 Pontius

268 3088 409 3120 Pilatus
434 3086 647 3130 procurato}
670 3089 804 3120 Iudaeae
831 3089 890 3130 qui
918 3087 1096 3119 Christum
1125 3085 1222 3118 cruci
1248 3084 1426 3126 figendum
1453 3085 1648 3115 damnavit.
