2081 3517
288 191 385 235 418
412 210 639 233 ELEVTHERII
659 210 795 232 BYZENI
814 210 1024 233 TRIVMPHVS
1043 208 1225 231 DOCTORIS
1244 208 1430 231 REVCHLIN
1450 207 1562 230 S.10A.
1575 208 1770 231 CAPNIONIS
1789 209 1989 231 ENCOMION.

506 326 536 350 ⁴5
558 313 656 351 Dent
686 312 863 350 manibus
893 316 1048 349 teneros
1079 310 1272 348 frondenti
1304 322 1349 348 ex
1381 309 1523 348 arbore
1554 322 1706 353 ramos3

554 380 609 418 Sit
639 380 803 418 demissa
835 379 923 415 viris
957 381 1042 426 toga
1075 378 1207 420 vestis,
1241 377 1288 414 sit
1320 388 1411 426 vaga
1444 377 1558 416 castis

554 446 682 484 Instita
714 446 900 483 matronis
931 444 1133 494 longaeque
1166 443 1357 482 volumina
1391 443 1521 494 pallae,

554 514 742 551 Praeterea
775 512 882 549 lectre
913 512 1121 561 peregrino
1154 524 1196 549 ex
1230 523 1385 560 tequore
1416 511 1545 549 baccae

552 579 791 628 Inclusaeque
823 590 918 616 auro
951 589 1116 627 gemmae
1149 590 1236 616 cum
1269 577 1473 628 torquibus
1505 579 1654 619 aureis,

505 661 536 683 ,κω
559 646 613 683 Sit
644 645 761 689 stola,
796 646 872 683 sint
902 644 1010 683 limbi
1045 646 1249 695 vinctoque
1281 644 1437 683 monilia
1470 644 1591 689 collo,

552 713 761 761 Sericaque
793 717 829 750 et
859 724 957 750 rarae
989 717 1111 751 vestes
1142 714 1354 763 precioque
1386 712 1594 763 coloreque

551 781 598 818 Et
628 779 844 829 strophium
877 785 913 818 et
945 781 1079 830 capitis
1110 779 1256 824 velum,
1291 781 1390 831 quod
1424 793 1511 819 cum
1544 781 1629 818 nive
1662 784 1802 823 certet,

551 847 739 896 Quicquid
773 852 810 886 et
841 852 1018 892 ornatus,
1051 847 1233 898 quicquid
1266 847 1470 898 cultusque
1502 848 1716 897 nitorisque

551 914 597 952 Et
629 914 732 964 quod
765 926 927 964 quaeque
959 919 1088 965 potest
1118 920 1156 953 et
1187 914 1290 964 quod
1321 926 1389 952 sua
1422 927 1614 965 (suamque
1647 913 1806 951 facultas

503 998 534 1021 :25
556 982 675 1020 Ferre
707 983 816 1026 sinit,
850 994 935 1032 quae
967 983 1105 1033 cuique
1137 981 1240 1019 domi
1271 985 1345 1020 stat
1375 983 1483 1032 copia
1515 994 1666 1020 rerum:

550 1049 717 1087 Candida
749 1050 965 1087 succinctas
997 1049 1271 1088 commendent
1302 1048 1464 1098 galbana
1498 1048 1686 1099 nymphas

550 1117 593 1154 Et
626 1129 722 1155 zona
755 1118 1048 1167 virgineumque
1080 1117 1298 1166 astringens
1329 1116 1444 1154 fascia
1477 1121 1613 1166 pectus

549 1183 822 1234 Coraliumque
855 1189 979 1228 teres,
1012 1184 1220 1222 rubicundi
1252 1184 1400 1233 insigne
1433 1184 1611 1234 pudoris,

550 1252 721 1301 Quaeque
754 1250 841 1289 alibi
874 1251 1010 1291 molles
1042 1253 1195 1302 signant
1226 1252 1438 1300 gestamina
1471 1262 1619 1293 mores,

497 1318 619 1357 101110
651 1319 764 1357 etiam
797 1324 922 1358 castas
953 1319 1133 1357 deceant:
1166 1320 1240 1358 sint
1273 1319 1412 1358 vertice
1444 1318 1548 1357 nudo

550 1385 588 1423 111
622 1392 728 1436 terga
761 1387 909 1431 effusis,
944 1400 1040 1438 quos
1072 1386 1252 1425 verberet
1283 1399 1397 1430 aura,
1431 1385 1594 1437 capillis,

547 1453 726 1505 l'exaquc
759 1456 945 1493 contortis
977 1455 1203 1493 circumdent
1237 1460 1410 1504 tempora
1444 1455 1568 1493 sertis.

548 1521 629 1560 Una
662 1534 796 1561 omnes
828 1522 865 1560 111
897 1535 991 1561 voce
1023 1526 1180 1566 canant,
1214 1534 1289 1560 uno
1323 1534 1390 1559 ore
1422 1522 1631 1572 loquantur

548 1588 670 1632 Quam
702 1589 775 1627 sibi
806 1594 1011 1629 servarunt
1045 1590 1242 1639 Capnione
1274 1590 1481 1639 superstite
1514 1587 1680 1627 laudem.

496 1671 527 1694 of)
607 1655 709 1694 Dicat
743 1656 804 1700 Io,
838 1658 869 1695 si
900 1670 941 1696 se
972 1657 1072 1695 novit
1106 1658 1335 1701 Germania,
1369 1657 1487 1695 dicat:

551 1723 617 1761 vix
650 1722 807 1769 melior,
840 1736 909 1763 cur
941 1725 1041 1763 dicat
1073 1724 1134 1769 lo,
1168 1736 1208 1762 se
1241 1736 1354 1763 causa
1387 1724 1552 1762 dedisset

547 1791 695 1830 Caesare
728 1791 773 1829 al·
806 1791 998 1842 Euganeis
1031 1797 1143 1829 nacto
1175 1791 1297 1841 spolia
1329 1790 1455 1841 ampla
1490 1791 1681 1841 tyrannis:

546 1858 662 1896 Forte
695 1863 822 1897 tamen
854 1858 1008 1902 melior,
1041 1859 1109 1898 sed
1141 1870 1219 1896 non
1250 1859 1432 1909 pugnavit
1462 1859 1499 1895 in
1531 1858 1647 1896 armis

547 1925 687 1964 Noster
718 1925 801 1970 liic,
835 1926 937 1965 haud
969 1925 1118 1975 gladius
1151 1926 1385 1976 praefixaque
1416 1925 1559 1964 robora
1594 1926 1699 1964 ferro

501 2007 532 2030 το
553 1993 765 2042 I’ugnantis
796 1999 995 2042 gestamen
1028 1998 1128 2038 erat,
1162 2005 1288 2044 neque
1321 1993 1468 2032 casstde
1501 1998 1630 2032 vertex

547 2059 747 2110 Splenduit
779 2066 816 2099 et
846 2060 973 2100 nullus
1004 2062 1166 2100 munivit
1194 2066 1353 2112 pectora
1386 2060 1543 2105 thorax;

548 2128 744 2166 Certatum
777 2129 932 2179 ingenio
964 2134 1039 2174 est,
1072 2130 1161 2168 vicit
1192 2134 1247 2168 tot
1278 2128 1395 2167 millia
1425 2128 1543 2168 solus.

546 2194 674 2233 Victor
706 2195 752 2233 ab
787 2197 986 2247 oppressis
1018 2196 1171 2236 Venetis
1203 2196 1391 2247 Galloqne
1422 2196 1583 2235 subacto

545 2262 645 2301 Citra
678 2262 829 2301 Athesis
862 2264 1031 2303 tumulos
1062 2270 1099 2302 et
1130 2269 1288 2303 onustas
1318 2263 1486 2302 nubibus
1517 2263 1647 2314 Alpeis

490 2343 520 2367 π»
542 2329 754 2368 Terrarum
786 2330 966 2370 dominus
997 2331 1186 2382 siquando
1219 2332 1267 2370 ad
1299 2335 1383 2369 vota
1414 2331 1580 2375 redibit,

545 2397 636 2442 Qua]
668 2397 737 2435 diis
768 2398 962 2448 persolvat
992 2399 1147 2449 patriis,
1180 2399 1378 2448 augustior
1409 2397 1473 2436 illo

546 2464 709 2503 Plausus
741 2466 813 2503 erit
843 2465 974 2516 populi
1007 2471 1043 2505 et
1075 2478 1147 2517 pro
1179 2466 1400 2505 conditione
1432 2465 1674 2517 triumplius;

1752 1788 1876 1815 Digressio
1892 1789 1921 1810 ad
1939 1788 1991 1810 Cae-

1753 1823 1832 1838 sarem
1852 1817 1964 1838 Maximi-

1749 1845 1850 1866 nanum.

364 2630 391 2651 ⁴⁷⁷
417 2636 561 2675 teneros
588 2635 618 2667 1.
714 2632 740 2652 ⁴5
767 2632 926 2675 demiss.]
948 2634 970 2665 i.
993 2645 1021 2666 e.
1042 2645 1113 2666 non
1140 2635 1185 2666 ad
1210 2634 1356 2666 labores
1389 2635 1605 2676 praeeincta.
1640 2635 1755 2667 festus
1787 2634 1864 2667 dies
1897 2638 1986 2666 esto.

276 2687 303 2707 ⁴⁷
336 2688 455 2730 longae
488 2688 673 2721 velamina
705 2692 770 2721 υιιῖί
796 2690 976 2729 Clcrz'stz'us,
1004 2691 1025 2721 i.
1045 2701 1073 2721 e.
1101 2702 1170 2721 enm
1203 2690 1406 2730 velamina,
1442 2696 1475 2721 αἱ
1502 2693 1534 2723 3.
1547 2694 1577 2722 4.
1593 2694 1620 2723 7.
1639 2691 1777 2730 habent,
1810 2692 1988 2732 scripsisse

278 2744 457 2775 Hullennm
486 2750 660 2785 putasset,
693 2745 853 2785 syllabam
880 2757 946 2787 quc
979 2746 1201 2778 abundantem
1227 2748 1363 2780 notavit.
1437 2746 1616 2778 Christius
1644 2747 1737 2778 enim
1764 2747 1833 2786 (De
1859 2748 1986 2778 morib.

276 2799 422 2840 scriptis
440 2803 476 2831 et
494 2801 715 2843 imaginibus
733 2802 807 2834 Ur.
828 2802 872 2833 ab
890 2802 1042 2833 Hutten.
1062 2802 1145 2835 Hal.
1160 2802 1329 2843 1727.40.)
1349 2803 1511 2844 exemplo
1532 2805 1563 2834 3.
1589 2803 1695 2834 huius
1714 2804 1886 2834 carminis
1903 2813 1988 2834 usus

279 2858 342 2886 est.
399 2856 505 2888 Palla
530 2858 643 2889 vestis
670 2861 725 2889 est
752 2859 909 2890 exterior
933 2859 1081 2898 talaris,
1111 2858 1232 2901 ampla
1252 2862 1287 2890 et
1305 2859 1430 2898 fluens,
1450 2859 1597 2901 propria
1614 2869 1687 2890 500.
1706 2859 1860 2891 Nonium
1877 2859 1986 2890 hone-

277 2914 412 2942 starum
432 2912 660 2944 feminarum.
688 2914 804 2945 bustis
815 2917 845 2946 4.
888 2913 915 2933 '³⁴
935 2923 1071 2956 quaan
1082 2916 1147 2946 1.2.
1169 2917 1274 2956 qufiqj
1286 2917 1318 2946 3.
1339 2925 1504 2956 quanque
1518 2918 1548 2946 0.
1589 2914 1616 2934 5ss
1635 2914 1747 2956 galb.]
1767 2915 1987 2947 vestimenta

277 2966 464 2998 mulierum
490 2968 720 3001 delicatiora.
799 2969 826 2989 ‘''7
851 2971 899 3002 Et
924 2969 1027 3011 zona]
1045 2982 1154 3012 ponas
1179 2971 1349 3012 Zonaque
1413 2970 1439 2991 ⁰¹
1466 2974 1567 3012 tergo
1595 2973 1712 3003 3.4.7.
1782 2970 1810 2990 ⁰²
1836 2971 1987 3002 circum-

277 3021 362 3052 dent
383 3025 410 3053 7.
482 3022 510 3043 ⁰⁴
536 3024 744 3067 superstite]
772 3030 928 3068 51111015.
1001 3026 1029 3045 (ἦ
1053 3028 1144 3069 Eug.
1164 3026 1246 3069 tyn]
1267 3027 1429 3060 VenetiS.
1500 3027 1528 3046 ⁶9
1553 3027 1695 3068 gladios
1721 3027 1798 3058 edd.
1871 3026 1898 3046 ⁷²
1924 3027 1986 3058 mi-

277 3075 327 3107 lia
353 3079 384 3107 2.
456 3077 483 3097 7*
508 3079 644 3121 Alpeis]
673 3081 719 3112 ef.
738 3081 887 3123 Deplor.
908 3083 945 3113 in
962 3082 1013 3113 Io.
1033 3082 1136 3114 Hutt.
1156 3093 1188 3114 v.
1208 3082 1262 3115 91.
