2081 3517
150 251 155 255 ,
194 231 385 252 SABELLICI
405 231 449 251 DE
469 231 620 253 VENETAE
639 233 747 253 VRBIS
766 232 955 254 APPARATV
976 230 1234 252 PANEGYRICVM
1255 229 1411 251 CARMEN.
1433 230 1636 252 ORACVLVM.
1678 211 1772 255 313

344 335 518 370 Materies
544 336 623 371 lia’e
646 339 771 383 prima
794 338 884 383 s'uit:
914 348 999 371 nam
1027 346 1190 371 marmor
1220 339 1252 369 et
1281 346 1412 369 aurunt

344 391 392 426 Et
420 392 548 438 quibus
576 394 655 438 ipsa
686 403 814 428 recens
844 393 944 427 urbis
969 403 1066 428 nune
1092 392 1217 438 forma
1245 395 1431 434 coruscat,

344 446 417 483 Illa
447 453 542 484 vetus
570 451 698 485 meruit
718 452 860 496 pietas,
890 459 1070 494 peperere
1099 453 1254 495 nepotes.

867 521 896 547 F
894 521 912 547 I
912 520 954 546 Nl
956 521 983 547 S.

634 695 686 731 M.
716 694 936 731 ANTONII
962 694 1229 731 SABELLICI

536 771 599 802 DE
635 748 769 803 VENE
778 770 846 802 ΤΕ
883 771 1028 802 Vnms
1058 772 1089 802 Α
1096 770 1254 803 PPARA
1264 771 1331 802 TV

681 835 812 861 ΡΑΝΕΘ
817 835 977 861 VRICJ'M
1004 835 1170 861 CARMEN

581 896 684 928 QVOD
711 893 979 926 ORACVLVM
1004 897 1271 923 ΙΝΕΟΜΒΙΠΉ.

341 975 412 1009 Hic
442 975 501 1010 ubi
524 977 558 1010 iu
589 976 726 1011 alterno
754 976 917 1011 Fortuna
948 975 1131 1010 immobilis
1154 979 1244 1010 cestu

340 1031 499 1067 Accubat
523 1036 555 1066 et
579 1032 687 1066 rebus
716 1043 787 1067 non
817 1033 998 1078 impacata
1021 1032 1188 1066 secundis

339 1088 413 1122 Dat
436 1089 564 1134 pelagyo
587 1090 735 1123 variare
761 1090 870 1131 vices,
897 1089 974 1131 libi,
1005 1089 1164 1122 maxime
1197 1092 1318 1123 rector

348 1144 555 1187 Undarum,
585 1146 647 1179 eui
667 1145 799 1190 gylauca
828 1145 959 1180 coleors
988 1145 1141 1179 deservit
1169 1148 1201 1179 et
1229 1146 1343 1179 omnis

305 1210 320 1235 5
344 1199 496 1246 leetyos
522 1202 610 1236 aula
636 1212 754 1247 vaya’,
782 1202 816 1236 si
839 1212 922 1237 vera
953 1205 1004 1236 est
1029 1200 1154 1247 fama,
1183 1210 1252 1245 per
1284 1201 1446 1236 umbram

340 1257 496 1291 Reddita
525 1269 596 1293 voa:
626 1258 712 1292 eoelo
743 1262 804 1293 tua
835 1258 992 1303 grandia
1016 1257 1097 1302 fata
1126 1258 1266 1292 retexit.

339 1314 411 1348 Illa
434 1323 506 1359 per
532 1314 723 1349 obscuram
751 1320 888 1349 noctem
919 1314 1000 1348 dum
1029 1317 1155 1364 sponte
1177 1323 1250 1358 per
1277 1318 1379 1349 artus

342 1368 513 1404 Insinuat
541 1380 578 1404 se
606 1374 715 1416 (ματα
744 1372 844 1416 quies
872 1371 1015 1415 allapsa
1040 1371 1213 1403 iacentem

343 1426 482 1472 Terque
504 1430 702 1473 quaterque
731 1428 829 1461 ciens
856 1427 949 1461 ultro
980 1426 1058 1460 lia‘c
1086 1425 1145 1459 tibi
1170 1425 1275 1471 fatur
1302 1427 1352 1460 ad
1380 1437 1509 1461 aures.-

292 1493 322 1518 10
344 1482 434 1516 ‘Hic
462 1482 522 1517 ubi
542 1486 709 1517 sacratos
739 1487 842 1517 actus
871 1487 903 1517 et
930 1482 1089 1529 yrandia
1113 1483 1208 1527 reglis

338 1538 569 1574 ‘Monstratis
598 1544 824 1574 monumenta
857 1540 926 1583 tui,
955 1548 1083 1584 magyne
1109 1539 1241 1584 alisser,
1271 1538 1366 1581 orbi,

337 1597 346 1611 ⁴
366 1595 517 1630 Undosis
542 1607 613 1641 qua
643 1600 744 1641 septa
772 1595 874 1631 vadis
901 1606 998 1630 nunc
1027 1594 1170 1639 hospita
1201 1595 1301 1629 tellus

339 1652 413 1686 ‘Te
441 1656 549 1694 tenet,
581 1656 758 1687 [eternum
789 1656 850 1687 tua
881 1652 1030 1686 molliter
1059 1661 1142 1685 ossa
1173 1647 1376 1696 quiescens.

336 1708 532 1743 Annueras
558 1708 665 1754 fatis,
691 1709 757 1744 sed
779 1720 860 1754 quse
890 1712 961 1742 tam
987 1711 1087 1743 certa
1114 1706 1239 1753 futuri

288 1775 318 1799 15
343 1764 445 1799 Tunc
468 1774 569 1799 mens
598 1775 690 1799 (tusa
717 1765 818 1812 foret
847 1765 952 1799 clara
982 1764 1061 1799 liceo
1083 1764 1292 1809 penetralia
1323 1765 1435 1807 cultu,

336 1822 418 1856 Hoc
445 1831 569 1856 rerum
595 1831 751 1866 sperare
781 1822 917 1856 decus?
945 1823 1024 1867 quis
1052 1821 1173 1855 limina
1203 1820 1320 1854 dz'oum

341 1877 372 1911 T
371 1882 623 1924 ercentumqae
652 1889 742 1914 aras
767 1888 876 1924 posse
904 1877 971 1925 boe
1000 1886 1222 1922 consuryere
1247 1877 1361 1921 [laeta

338 1934 540 1969 Crediderit
570 1937 694 1969 vates?
723 1935 789 1969 sed
817 1935 887 1977 sic,
921 1935 981 1968 cui
1007 1944 1147 1968 summa
1176 1936 1353 1978 potestas,

337 1989 505 2025 Iusserat
531 1992 694 2025 immolas
721 1991 900 2026 deducere
924 1991 1079 2025 stamina
1109 1990 1264 2024 Parcas.

287 2056 319 2081 20
341 2046 447 2081 Nuda
475 2052 556 2082 erat
583 2047 662 2081 lza’e
692 2051 801 2082 terra‘
819 2046 956 2093 facies,
986 2057 1093 2092 quam
1124 2049 1252 2091 stayna
1280 2045 1399 2091 refusi

333 2102 472 2138 Nereos
495 2108 527 2138 el
548 2104 696 2150 placido
726 2104 917 2139 sulcabant
938 2104 1090 2148 flumina
1121 2112 1252 2140 cursu,-

335 2159 502 2194 Nondum
529 2161 722 2195 coelicolum
751 2160 855 2194 sedes
878 2160 1103 2194 hominumve
1130 2159 1284 2204 superbi

334 2216 522 2251 Fluctibus
556 2217 731 2251 extabant
748 2220 890 2262 postes,
921 2227 992 2251 non
1021 2217 1141 2251 littora
1170 2217 1308 2250 circum

334 2273 461 2307 Aurea
489 2273 656 2308 sublimes
682 2272 865 2320 feriebant
891 2273 1025 2319 sydera
1057 2276 1199 2309 turres:

283 2339 315 2363 25
337 2328 530 2375 Staynanti
553 2341 623 2364 non
652 2331 724 2364 ulla
749 2329 844 2376 freto
874 2330 1037 2371 navalia,
1069 2329 1159 2362 nulli

335 2386 532 2421 Remorum
557 2386 704 2431 pulsus,
736 2397 806 2421 non
837 2387 931 2420 lenta
961 2384 1161 2420 celeumata
1189 2389 1357 2428 nautum,

335 2441 409 2477 Sed
427 2443 553 2489 pelayi
579 2443 750 2488 planctus
777 2443 901 2478 audiri
925 2446 959 2477 et
981 2446 1124 2488 questus
1152 2441 1202 2476 ad
1224 2452 1339 2476 auras

335 2498 543 2534 Nocturnus
573 2500 772 2534 volucrum.

334 2554 389 2589 At
418 2556 583 2600 quamvis
606 2555 787 2591 hominum
818 2556 914 2590 cultu
942 2555 1084 2589 deserta
1114 2556 1276 2589 iacerent

284 2620 317 2646 30
340 2610 486 2654 Omnia,
517 2612 686 2646 credibile
715 2617 767 2647 est
797 2609 893 2659 (nam
924 2621 1023 2646 mens
1053 2611 1184 2656 afflata
1208 2612 1415 2657 propinquo

334 2667 489 2703 Numine
515 2667 599 2714 fata
630 2668 738 2711 videt,
763 2669 835 2713 sali
862 2678 929 2703 nec
956 2678 1056 2703 cceca
1081 2668 1200 2714 futuri

341 2723 421 2759 Ulla
454 2725 563 2759 obstat
591 2724 705 2770 calisso
731 2724 816 2771 piis)
847 2725 907 2759 tibi
933 2728 1035 2759 nocte
1061 2725 1178 2759 silenti

334 2778 463 2823 Hanc,
494 2792 574 2827 quse
602 2791 738 2826 sparsa
768 2782 860 2815 iacet
883 2782 1051 2827 spaciosa
1076 2790 1149 2826 per
1177 2791 1338 2826 (equora,
1369 2781 1492 2815 molem
1636 2775 1775 2827 fflssffgfs'·

336 2835 568 2872 obversatam
599 2838 730 2872 animis
759 2839 948 2883 curvisque
973 2837 1069 2871 laune
1093 2837 1251 2882 flexibus
1280 2836 1413 2871 orbem.
1547 2845 1549 2848 ’

283 2903 315 2929 35
337 2892 479 2928 Scilicet
503 2903 645 2928 arcana
675 2903 873 2940 suspensas
904 2895 982 2929 luce
1006 2902 1079 2938 per
1109 2892 1268 2927 umbram

156 3067 409 3091 PANAGmmVM
427 3061 457 3091 1.
490 3058 515 3078 ·¹
543 3060 574 3089 in
592 3070 654 3091 ora
671 3061 773 3091 maris
791 3069 927 3091 accessa
952 3069 1149 3100 recessuque
1173 3060 1280 3090 varia.
1329 3057 1342 3077 5
1367 3060 1411 3099 cf.
1427 3070 1463 3100 p.
1483 3058 1560 3091 309.
1578 3060 1626 3091 ad
1647 3071 1674 3091 υ.
1694 3058 1771 3091 316.

67 3113 80 3133 ⁷
104 3114 292 3147 obscurum
319 3117 348 3147 1.
420 3114 449 3135 ²⁰
473 3116 637 3157 Lafflcnw.
