2081 3517
290 178 384 224 376
524 196 686 219 HVTTENI
704 196 741 217 IN
760 194 1019 217 EXCEPTIONEM
1037 191 1282 215 MOGVNTINAM
1300 191 1458 212 ALBER'H
1477 190 1746 212 PANEGYRICVS.

556 299 695 348 Magna
726 301 882 347 gerunt,
916 297 1155 345 spernuntur
1187 304 1299 342 opes,
1333 297 1370 330 at
1400 291 1562 332 bellicus
1593 294 1698 331 omni

556 365 750 410 Quaeritur
780 362 933 412 ingenio
965 360 1083 398 decor
1115 364 1152 398 et
1181 360 1319 398 virtute
1350 364 1508 409 paratur

557 433 671 470 Fama
704 430 811 468 viris:
845 425 967 466 viden’
1000 431 1043 464 ut
1073 427 1247 476 quisquis
1278 426 1454 466 foeliciter
1484 427 1624 466 horum

487 514 535 538 τευ
557 500 651 537 Rem
683 497 818 547 gessit,
851 506 935 555 non*
960 494 1066 532 auxit
1096 504 1208 543 opes,
1242 506 1375 532 verum
1406 496 1510 533 auxit
1540 495 1752 533 honorem?

555 566 654 603 Ecce
684 574 798 612 vagos
830 560 1155 599 armisCimbros
1185 561 1414 611 trepidantia
1448 567 1580 600 contra
1858 596 1860 613 ἒ
1891 576 1993 599 Cimbri.

556 633 686 670 Castra
716 629 873 674 italum,
906 628 1091 678 Latiaque
1122 632 1248 667 metus
1279 630 1317 666 in
1349 633 1463 679 gente
1494 634 1670 667 coactos:

557 698 681 737 Carbo
713 697 829 745 sugit,
862 696 1014 745 capitur
1045 695 1242 740 Scaurus,
1276 695 1452 746 Syllanus
1483 697 1519 734 in
1551 696 1700 735 hostem
1830 741 1831 746 ¹
1856 696 1993 746 ξζῗρξῖοζξῑ

556 767 714 804 Frustra
746 764 843 812 agit,
878 767 1042 801 ostensae
1072 774 1227 814 poenam
1260 763 1323 801 dat
1353 762 1504 801 Cassius
1536 763 1613 801 irae.

489 846 535 870 725
557 832 735 881 Praecipit
765 842 869 868 arma
893 829 1030 875 Bolus,
1063 831 1227 881 primam
1260 830 1324 868 dat
1346 829 1465 868 Gallia
1496 831 1688 880 praedam,
1893 830 1895 881 Ι
1919 831 1993 880 ᾆξ’,ξῗδ

555 900 761 949 Primaque
793 897 961 936 terrifico
992 898 1129 935 mirata
1161 901 1218 935 est
1247 902 1428 948 tympana
1460 896 1593 947 pulsu,
1802 895 1805 950 Ι
1836 910 1993 939 Tympanum.

556 966 739 1006 Germani
770 966 968 1003 inventum
999 964 1151 1009 Martis,
1184 963 1407 1014 Cimbrique
1438 964 1581 1002 suroris

556 1033 718 1071 Manlius
749 1032 914 1071 infausto
946 1035 1080 1070 contra
1111 1031 1229 1069 trahit
1259 1032 1410 1081 agmina
1443 1043 1579 1075 cursu;

557 1101 682 1150 Caepio
713 1099 950 1143 succumbit,
985 1104 1089 1137 vasto
1120 1103 1176 1137 tot
1206 1098 1322 1137 millia
1354 1110 1492 1148 campo

487 1184 535 1209 7:50
558 1167 786 1206 Circumfusa
818 1168 956 1210 iacent,
990 1166 1086 1205 fines
1116 1167 1144 1204 it
1174 1167 1294 1204 victor
1325 1166 1460 1205 Iberos

557 1235 770 1274 Sollicitare
801 1246 918 1272 manu
950 1238 988 1272 et
1017 1238 1141 1273 vastas
1173 1234 1336 1273 miscere
1367 1234 1518 1272 ruinas:

558 1302 723 1341 Celtiber
755 1301 883 1340 obstat
915 1312 1055 1351 eques,
1088 1302 1202 1339 motis
1233 1302 1327 1352 petit
1358 1301 1449 1339 Itala
1482 1302 1602 1350 signis

556 1370 688 1420 Regna
722 1370 851 1412 ferox;
886 1374 1019 1407 contra
1052 1374 1109 1408 est
1139 1368 1302 1412 Marius,
1336 1368 1422 1406 data
1455 1369 1563 1418 copia
1596 1381 1759 1418 pugnae:

558 1438 649 1483 Quis
680 1449 757 1474 uon
789 1436 852 1475 ille
885 1435 999 1481 dolis,
1032 1448 1106 1487 qua
1139 1447 1216 1473 non
1248 1448 1288 1474 se
1321 1436 1457 1474 fraude
1487 1440 1637 1479 tuetur,

488 1519 535 1544 735
558 1505 656 1542 Dum
689 1505 812 1542 vincat
843 1516 1075 1554 quocunque
1108 1503 1245 1541 modo?
1277 1516 1393 1554 quam
1425 1504 1550 1542 vivere
1582 1504 1717 1542 credas

558 1572 729 1609 Foemina
762 1572 860 1622 picta
893 1576 1021 1609 movet
1050 1583 1201 1622 pugnas
1232 1575 1269 1609 et
1299 1571 1427 1609 nescia
1460 1571 1558 1608 vinci
1835 1570 1950 1592 ¹³⁰²¹¹¹³¹¹²2

1835 1598 1988 1620 Cimbrorum

558 1639 641 1689 lpsa
675 1638 748 1676 sibi
782 1639 914 1676 victrix
947 1643 1112 1676 mortem
1146 1638 1351 1676 consciscit
1382 1642 1415 1676 et
1449 1638 1574 1676 aufert

558 1706 734 1744 Carceris
766 1705 1041 1756 opprobrium:
1073 1710 1129 1743 tot
1161 1704 1304 1744 bellum
1335 1705 1479 1756 pendet
1510 1706 1548 1743 in
1579 1717 1711 1743 annos

377 1884 417 1905 ⁷2¹
446 1887 580 1917 Lemma
605 1896 666 1916 0711.
688 1887 719 1915 3.
810 1884 984 1925 Cymbros
1011 1886 1043 1915 3.
1056 1887 1087 1915 5.
1167 1895 1300 1923 „nexu
1322 1894 1453 1915 annum
1478 1884 1564 1915 urbs
1590 1888 1714 1916 nostra
1740 1886 1893 1926 agebat,
1921 1896 1999 1917 cum

288 1943 438 1983 primum
465 1942 689 1973 Cimbrorum
717 1941 843 1972 audita
869 1944 951 1972 suut
977 1951 1129 1971 arma
1151 1943 1189 1971 at
1215 1940 1385 1971 Germani
1404 1940 1570 1971 Carbone
1598 1944 1633 1971 et
1659 1941 1785 1971 Cassio
1813 1944 1849 1972 et
1867 1941 2000 1973 Scauro

287 1997 434 2028 Aurelio
462 2001 496 2028 et
516 1997 670 2028 Servilio
690 1996 874 2038 Caepioue,
903 1997 949 2028 M.
971 2006 1111 2038 quoque
1130 1996 1266 2028 Manlio
1286 1997 1376 2027 fusis
1394 1996 1451 2027 vel
1471 1999 1590 2038 captis
1609 1997 1639 2027 V
1657 1997 1759 2028 simul
1779 1997 2001 2029 consulareis

288 2054 468 2084 exercitus
492 2053 623 2095 populo
644 2054 754 2089 Rom„
782 2054 915 2084 Varum
941 2057 1086 2094 tresque
1113 2062 1192 2084 cum
1212 2063 1253 2084 eo
1271 2052 1435 2093 legiones
1455 2053 1564 2084 etiam
1583 2052 1721 2084 Caesari
1740 2053 2001 2084 abstulerunff‘.

293 2109 370 2139 Tae.
393 2108 510 2140 Germ.
531 2109 584 2140 37.
678 2108 720 2128 ⁷²5
749 2109 856 2141 Holus
882 2120 1003 2141 ovines.
1022 2114 1054 2140 el
1078 2111 1126 2140 sie
1151 2109 1318 2139 Hzetlenus
1342 2110 1498 2150 scripsit:
1531 2113 1607 2140 (mle
1631 2110 1888 2141 Freinshemz'mn
1920 2112 2002 2141 enim

283 2176 349 2205 pro
376 2165 548 2207 Boiorige
575 2166 749 2206 leyebalnr
773 2166 861 2197 Bolo
888 2176 974 2207 rege
1001 2167 1033 2196 in
1059 2165 1152 2206 Epic.
1174 2166 1246 2196 Liv.
1266 2165 1413 2196 LXVII.
1434 2165 1506 2203 ‚‚M.
1527 2165 1692 2196 Aurelius
1719 2166 1875 2197 Scaurus
1900 2166 2000 2207 lega—

289 2225 345 2252 tus
372 2222 531 2253 consulis
560 2232 579 2252 a
606 2222 763 2253 Cimbris
790 2222 869 2253 fuso
896 2222 1060 2253 exercitu
1086 2225 1213 2262 eaptus
1241 2224 1314 2259 est,
1343 2225 1378 2252 et
1404 2231 1483 2251 cum
1511 2221 1546 2251 in
1573 2221 1761 2252 consilium
1791 2222 1834 2252 ab
1863 2222 1914 2253 eis
1942 2222 2000 2253 ad-

289 2281 437 2310 vocatus
464 2279 667 2310 deterreret
694 2289 755 2309 eos
781 2289 825 2309 ne
852 2277 962 2318 Alpes
990 2279 1188 2308 transirent
1214 2277 1361 2307 Italiam
1386 2277 1553 2318 petituri,
1583 2288 1624 2308 eo
1651 2278 1743 2318 quod
1769 2278 1908 2309 diecret
1933 2279 2000 2309 Ro-

288 2344 413 2365 manos
439 2335 537 2366 vinci
563 2345 633 2365 non
658 2344 784 2376 posse,
819 2345 839 2365 a
865 2334 1054 2374 Boiorige,
1088 2333 1203 2364 feroci
1230 2334 1358 2364 iuvene
1386 2333 1530 2364 occisus
1557 2337 1623 2364 est.
1674 2334 1718 2364 ab
1752 2334 1866 2365 isdem
1890 2334 2002 2366 hosti-

288 2390 353 2420 bus
380 2390 442 2421 Cn.
468 2390 629 2421 Manlius
664 2400 735 2421 cos.
766 2393 801 2420 et
829 2390 871 2429 Q.
892 2389 1068 2421 Servilius
1097 2388 1219 2430 Caepio
1252 2400 1391 2431 procos.
1419 2389 1509 2420 vieti
1542 2389 1670 2431 praelio
1704 2391 1835 2421 eastris
1862 2400 2000 2431 quoque

289 2446 385 2477 binis
419 2447 517 2477 exuti
550 2450 650 2481 sunt,
692 2446 845 2477 militum
878 2445 980 2476 milia
1015 2445 1204 2487 octoginta
1243 2446 1386 2484 occisa,
1428 2444 1594 2476 calonum
1629 2449 1663 2476 et
1695 2446 1848 2476 lixarum
1874 2457 1919 2477 XL
1952 2457 2005 2477 se-

291 2502 443 2533 cuudum
468 2502 707 2533 Arausionem
727 2504 784 2532 ...'⁷
812 2502 868 2532 Cf.
889 2502 1046 2543 interpp.
1066 2502 1110 2532 ad
1135 2501 1168 2533 h.
1186 2500 1208 2533 l.
1281 2500 1323 2520 ⁷25
1348 2504 1458 2543 tymp.
1477 2500 1595 2543 pulsu]
1624 2502 1670 2533 cf.
1691 2501 1882 2533 Claudian.
1903 2512 2000 2534 cons.

290 2558 406 2589 stilic.
428 2559 494 2591 III.
514 2569 546 2590 v.
567 2557 642 2590 364.
663 2568 714 2599 sq.
786 2556 829 2576 ⁷²⁷
855 2557 972 2590 Germ.
993 2559 1067 2591 inv.
1085 2555 1147 2598 M.]
1175 2558 1197 2588 i.
1219 2568 1249 2588 e,
1269 2567 1339 2588 non
1360 2558 1635 2595 Gcrmamorum⁷
1665 2558 1726 2589 sed
1744 2559 1885 2598 Martis,
1915 2559 2000 2590 Ger-

289 2625 475 2645 manorum
508 2615 583 2653 dei,
618 2614 816 2645 inventum.
861 2613 1030 2645 Ceterum
1064 2616 1208 2645 constat
1233 2614 1455 2655 praecipuum
1481 2617 1730 2655 tympanorum
1755 2625 1857 2646 usum
1883 2616 1919 2646 in
1944 2625 2001 2646 sa—

291 2670 360 2700 cris
379 2670 508 2701 Matris
535 2670 639 2701 deum
666 2671 791 2701 fuisse.
866 2670 1046 2711 Cymbriq3
1066 2673 1096 2701 5.
1168 2668 1210 2688 ⁷²⁹
1238 2668 1349 2710 Cepio
1369 2671 1445 2702 edd.
1509 2669 1552 2689 ⁷⁴³⁰
1579 2670 1810 2702 Circumfusa
1828 2673 1858 2702 6.
1922 2671 2000 2703 Ibe-

290 2723 361 2767 ros]
390 2726 463 2757 Liv.
485 2736 539 2767 ep.
560 2726 580 2757 l.
603 2738 631 2757 e.
667 2726 832 2765 ⁷,Cimbri
864 2727 1020 2757 vastatis
1053 2725 1219 2757 omnibus
1253 2736 1331 2767 quae
1365 2726 1459 2757 inter
1484 2726 1695 2758 Rhodanum
1729 2730 1764 2758 et
1789 2728 2002 2768 Pyrenaeum

290 2784 391 2820 sunt,
426 2793 489 2823 per
520 2782 652 2814 saltum
684 2783 720 2814 in
746 2782 965 2824 Hispaniam
997 2783 1217 2823 transgressi
1249 2782 1373 2823 ibique
1406 2782 1518 2814 multa
1543 2782 1625 2814 loca
1651 2783 1817 2825 populati
1843 2793 1864 2814 a
1890 2783 2001 2815 Celti-

290 2837 389 2867 beris
423 2838 541 2879 fugati
573 2842 672 2875 sunt,
705 2839 915 2880 reversique
949 2838 985 2869 in
1013 2837 1169 2870 Galliam
1202 2839 1239 2869 in
1271 2838 1360 2870 belli
1393 2849 1500 2870 casus
1533 2850 1570 2871 se
1597 2839 1774 2870 Teutonis
1808 2840 2001 2871 coniunxe-

291 2895 395 2923 runt77
417 2894 476 2924 .cf.
497 2895 564 2926 lul.
584 2895 702 2937 Obseq.
722 2895 829 2927 Prod.
847 2894 910 2925 lib.
932 2905 961 2926 c.
982 2893 1035 2925 43.
1056 2895 1228 2926 Plutarch.
1249 2895 1285 2925 in
1302 2895 1417 2926 Mario
1446 2906 1475 2926 c.
1499 2895 1550 2928 14.
1620 2894 1661 2914 ⁷³¹
1681 2893 1804 2937 manu]
1827 2896 2001 2929 exercitu.

290 2945 331 2966 ⁷³2
358 2949 449 2989 petit
467 2950 565 2981 Itala
590 2961 705 2992 regna
723 2949 800 2992 &c.]
822 2952 867 2985 cf.
888 2951 962 2982 Lz'v.
982 2962 1034 2992 ep.
1054 2950 1223 2983 LXVIII.
1243 2954 1279 2982 et
1297 2952 1467 2982 Plutarch.
1486 2951 1509 2983 1.
1530 2962 1558 2983 c.
1580 2951 1630 2982 15.
1649 2962 1724 2992 sqq.
1795 2950 1838 2970 ⁷3⁴
1856 2952 1902 2983 cf.
1921 2952 2003 2983 Plu-

291 3004 406 3034 tarch.
427 3004 448 3035 l.
470 3016 498 3036 c.
592 3006 635 3025 ⁷3⁶
667 3008 833 3038 Foemiua
864 3005 983 3050 picta]
1017 3008 1054 3038 in
1078 3007 1198 3038 Rheni
1229 3007 1342 3049 pallio
1374 3008 1483 3049 pictae
1516 3008 1708 3038 Cimbricae
1741 3007 1924 3039 mulieres.
1952 3009 1999 3039 cf.

291 3068 398 3099 supra
425 3070 456 3090 v.
478 3059 553 3092 351.
629 3062 862 3103 Cymbrorum
890 3066 922 3094 3.
995 3062 1037 3083 738
1063 3064 1238 3095 tredecim
1258 3074 1388 3103 annos,
1409 3065 1439 3095 si
1460 3067 1695 3104 conputemus
1715 3074 1735 3094 a
1755 3063 1945 3095 consulatu
1963 3064 2002 3095 C.
