2081 3517
296 202 389 247 312
541 221 735 242 SABELLICI
755 220 877 241 RERVM
896 217 1115 240 VENETARVM
1135 216 1388 238 PANEGYRICVS
1407 217 1431 238 1.
1450 217 1743 239 GENETHLIACON.

491 337 540 362 445
562 326 726 370 ‘Antiqui
751 323 919 364 sceleris⁷
950 332 1057 367 quum
1088 320 1212 355 coelum
1243 325 1276 355 et
1304 324 1433 355 cuncta
1463 325 1602 356 teneres

561 382 724 427 ‘Ianenti
751 379 939 423 complexa
968 387 1098 419 manu,
1132 380 1163 410 te
1188 377 1333 422 riryinis
1359 377 1436 411 alvo

560 436 723 472 ιΙησίιιιῖὶ
750 440 856 480 alque
884 433 1009 467 humili
1037 433 1133 478 cinai
1156 432 1322 478 digynalus
1352 433 1500 475 amictu,

561 493 718 527 ‘Passus
744 496 775 526 et
803 490 948 535 exiguis
973 499 1053 534 quse
1081 492 1165 523 sunt
1192 489 1366 523 immensa
1394 489 1510 533 coire,

559 549 659 583 ‘Non
687 551 786 581 ortus
817 547 954 580 latuere
986 545 1037 579 lui
1060 545 1192 590 procul
1218 548 1319 578 astra
1343 545 1473 586 secuti,

490 619 539 643 450
561 604 743 639 ‘Grandia
775 602 819 636 ab
845 603 916 636 eois
938 604 1140 646 portarunt
1168 610 1322 635 munera
1350 610 1470 646 ν6963,

557 660 652 695 ‘Tus
679 659 786 693 simul
812 662 846 692 et
870 658 1021 692 mirram
1052 658 1238 703 mirraque
1260 658 1439 702 potentius
1469 668 1622 695 aurum;

557 720 565 735 ⁴
581 715 765 759 Obstupuit
788 714 910 748 latices
941 722 1063 748 versos
1091 714 1127 747 in
1143 714 1280 758 pocula
1307 712 1450 747 Bacchi

558 771 756 813 ‘Mundus‚
788 774 820 804 et
846 770 1004 803 admissa
1031 770 1161 804 multos
1190 771 1261 804 iam
1286 773 1399 804 morte
1426 772 1607 814 receptos,

558 827 612 862 ‘T
611 838 697 873 crya
728 828 866 860 insueta
892 830 1023 871 potens
1049 826 1171 871 glauci
1193 829 1253 860 tua
1279 826 1408 871 planta
1433 826 1598 860 cucurrit

488 897 536 921 455
558 884 737 925 ιΝ6νεοε,
764 886 797 917 et
823 883 928 917 vacui
956 882 1014 916 tibi
1042 883 1154 916 ianua
1186 882 1290 916 cessit
1318 882 1472 918 Averni}

557 939 628 974 ‘Te
659 939 773 984 Stygii
799 943 979 973 tremuere
1003 938 1122 982 lacus,
1153 942 1184 971 te
1206 937 1368 982 pallidus
1401 936 1516 972 Orcus
1546 973 1549 975 ,

555 995 682 1041 ίΡιιςμϊ
707 999 739 1029 et
765 995 960 1029 admissam
984 994 1171 1029 tenebrosa
1199 995 1236 1027 in
1266 993 1425 1028 Tartara
1455 994 1588 1031 lucem,-

555 1051 666 1086 ‘Tum
691 1062 773 1086 vero
803 1051 864 1085 illa
892 1055 990 1086 velus
1015 1059 1278 1095 numerosaque
1309 1048 1413 1084 turba
1431 1050 1580 1094 piorum

558 1107 741 1142 ‘Postibus
766 1108 900 1142 eversis
928 1106 1040 1141 Erebi
1066 1106 1269 1152 fractisque
1297 1105 1458 1140 cathenis

487 1176 536 1202 460
558 1168 566 1182 ‘
586 1164 731 1199 Vindice
758 1167 788 1198 te
816 1173 974 1209 superas
996 1164 1127 1199 victrioe
1155 1163 1297 1197 emersit
1325 1161 1375 1196 ad
1397 1171 1522 1196 auras.

555 1220 736 1266 ‘Denique
765 1221 798 1254 si
819 1220 963 1261 coetum,
994 1220 1027 1253 si
1051 1224 1081 1253 16
1110 1219 1192 1264 ipsa
1223 1218 1393 1252 elementa
1423 1221 1644 1263 sequuntur,

556 1275 843 1322 ‘Observanlque
869 1280 946 1311 tuos
969 1275 1124 1309 labentia
1156 1279 1317 1320 tempora
1347 1277 1473 1316 nulus,

555 1333 715 1368 ‘Dexter
741 1333 828 1367 ades
858 1334 1013 1378 votisque
1042 1333 1132 1376 piis,
1160 1334 1289 1376 pater,
1322 1340 1464 1372 annue,
1496 1334 1527 1365 et
1554 1342 1660 1365 aram

556 1390 683 1424 ‘Hanc
712 1390 772 1424 tibi
794 1393 1010 1434 perpetuam
1035 1389 1211 1433 prcesentz'
1238 1388 1382 1422 numine
1406 1388 1538 1433 firma.-

487 1459 535 1483 465
557 1447 633 1481 ‘Da
662 1446 839 1491 populum
865 1445 1014 1490 antiqua
1043 1454 1082 1478 se
1112 1444 1295 1490 relliaioize
1324 1445 1418 1478 tueri

555 1503 841 1547 ‘Successusque
865 1504 999 1546 auyere
1027 1510 1129 1542 suos,
1161 1500 1209 1534 da
1236 1499 1436 1545 grandibus
1457 1500 1556 1534 ausis

556 1558 694 1604 ‘Diana
723 1562 865 1600 eventa,
894 1567 1052 1603 precor:
1082 1556 1187 1590 stabit
1213 1557 1290 1591 sine
1321 1556 1422 1591 dicite
1450 1555 1548 1590 cultu

555 1614 681 1649 ‘Nunc
710 1614 789 1649 lecec
806 1625 949 1660 parva.
982 1617 1038 1647 tuo
1064 1623 1145 1658 quse
1175 1613 1314 1646 nomine
1342 1612 1492 1654 tollitur,
1519 1623 1610 1651 ara,-

555 1669 685 1706 ‘Nuda
716 1671 805 1705 colet
829 1671 964 1716 pietas,
996 1679 1040 1703 ac
1070 1670 1103 1703 si
1125 1679 1196 1703 non
1228 1669 1332 1702 irrita
1361 1673 1440 1702 vota

487 1739 535 1764 470
558 1727 667 1762 ‘Hcec
695 1726 854 1772 fuerint,
885 1729 1024 1760 centum
1053 1725 1108 1759 leis
1138 1726 1244 1759 terris
1271 1724 1330 1758 tibi
1354 1724 1511 1770 yrandia
1541 1726 1672 1770 templa

555 1783 820 1829 ‘Coelilibusque
850 1783 916 1817 luis
947 1781 1142 1816 radiabunt
1168 1790 1351 1815 marmore
1379 1785 1412 1814 el
1436 1779 1553 1815 auro’.

552 1840 673 1882 Dixit,
707 1845 738 1873 et
767 1839 915 1873 intonuit
939 1839 1027 1873 lceou
1057 1838 1100 1872 de
1119 1841 1230 1883 parte
1257 1846 1444 1878 serenum,

552 1897 798 1941 Iuverunlque
824 1904 955 1940 preces
978 1894 1110 1939 populi
1140 1904 1211 1928 non
1240 1892 1404 1939 improba
1435 1898 1513 1927 vola

553 1953 600 1986 Et
621 1952 731 1997 favor
760 1955 793 1986 et
821 1952 934 1985 tacitis
960 1954 1171 1995 conceptum
1202 1949 1374 1984 mentibus
1401 1959 1522 1984 omen:

485 2020 532 2044 475
553 2009 634 2043 Iam
661 2008 748 2042 deus
779 2012 812 2042 et
839 2008 927 2042 lcetis
957 2007 1111 2041 labentia
1137 2006 1305 2040 cursibus
1331 2010 1433 2040 astra

553 2064 664 2109 Siqua
695 2063 830 2098 dabant
859 2062 1053 2109 manifesta
1071 2063 1180 2109 polo:
1207 2064 1278 2097 iam
1308 2062 1447 2097 mollior
1477 2073 1596 2098 annus

550 2121 599 2155 Et
624 2120 789 2166 formosa
818 2121 892 2154 dies
921 2120 1066 2163 aderat,
1095 2121 1128 2154 si
1153 2129 1239 2154 vera
1268 2123 1431 2155 vetustas.

550 2177 643 2211 Hcec
672 2177 738 2212 lua:
766 2177 827 2211 illa
851 2176 938 2222 fuit,
967 2176 1099 2210 mundo
1126 2187 1208 2222 quce
1228 2176 1351 2221 prima
1379 2177 1517 2210 recenti

552 2233 686 2276 Falsa,
718 2237 750 2267 et
784 2243 802 2267 e
831 2242 968 2267 summo
999 2233 1144 2266 missam
1174 2242 1255 2277 quce
1283 2233 1394 2266 sensit
1419 2232 1568 2278 Olympo

483 2301 532 2325 4³0
555 2290 684 2324 Prima
714 2289 772 2323 dei
799 2288 964 2323 sobolem.
990 2288 1215 2334 plaudebant
1243 2288 1361 2322 omnia
1392 2289 1533 2333 coeptis,

551 2346 713 2392 Sydera,
745 2349 868 2387 terra,
898 2344 1037 2390 fretum
1058 2343 1279 2390 fervensque
1303 2344 1507 2379 accentibus
1537 2346 1662 2381 cetlzer.

551 2402 630 2437 Iam
661 2410 745 2437 vero
767 2411 941 2447 superum
971 2401 1123 2435 monitus
1146 2404 1180 2435 et
1206 2401 1289 2434 lceta
1318 2404 1450 2435 secutce

554 2459 680 2494 Omina
701 2458 794 2492 mille
822 2467 951 2491 manus
980 2466 1204 2503 operosaque
1231 2456 1403 2491 bracchia
1429 2457 1521 2492 mille

551 2514 637 2549 Sese
667 2515 771 2560 operi
799 2513 1015 2559 expediunt,
1042 2522 1138 2558 pars
1167 2512 1244 2547 lzoec
1271 2513 1489 2558 fundamina
1519 2516 1636 2550 saeris

481 2581 529 2606 455
549 2571 677 2605 Prima
709 2571 827 2605 locant
851 2570 946 2613 aris,
977 2571 1111 2604 instant
1130 2579 1228 2615 pars
1253 2569 1425 2604 claudere
1453 2571 1552 2605 sulco

548 2627 597 2662 Et
623 2637 697 2673 qua
730 2630 820 2661 tecta
846 2625 927 2672 fori
951 2636 1018 2661 nec
1047 2625 1168 2660 acllzuc
1196 2625 1366 2660 miranda
1392 2626 1534 2662 sederet

551 2684 681 2726 Curia,
712 2683 778 2718 sed
806 2682 945 2728 qualem
970 2692 1093 2717 rerum
1119 2681 1272 2727 fortuna
1295 2682 1453 2717 sinebat.-

551 2739 610 2774 Sic
637 2739 804 2786 fervebat
827 2748 918 2785 opus
936 2740 1145 2784 passimque
1174 2740 1320 2784 antiqua
1349 2739 1508 2774 locorum

548 2795 689 2831 Mzdari
715 2796 852 2842 facies,
878 2806 952 2841 pro
980 2796 1094 2831 culmo
1121 2795 1276 2842 ulvaque
1297 2795 1460 2840 palustri

482 2868 532 2893 490
553 2852 781 2898 Consuryunl
807 2852 948 2899 frayili
956 2856 1081 2898 postes
1111 2855 1143 2886 et
1171 2852 1293 2886 limina
1323 2856 1444 2887 texta.-

371 3036 414 3056 450
440 3041 513 3070 tres
540 3050 656 3081 reges.
726 3038 769 3059 ⁴¹5²
795 3051 911 3081 aquam
936 3044 967 3070 in
992 3041 1097 3071 vinum
1120 3041 1321 3072 inmutatum.
1400 3038 1443 3060 453
1467 3043 1670 3072 mortuorum
1696 3040 1980 3072 resuscitationes.

283 3091 325 3111 ⁴³⁴
349 3103 452 3134 super
475 3097 751 3136 mareinyressus.
803 3095 865 3137 ¹4⁷5
893 3096 943 3136 Cf.
961 3106 1066 3136 supra
1090 3097 1137 3127 ad
1158 3107 1187 3129 υ.
1208 3095 1282 3127 160.
