2081 3517
345 192 509 215 HVTTENI
527 194 565 216 IN
584 195 843 218 EXCEPTIONEM
862 198 1105 221 MOGVNTINAM
1124 200 1283 223 ALBERTI
1304 203 1572 230 PANEGYRICVS.
1713 190 1808 237 373

367 295 478 333 Certa
510 298 569 335 sui
601 309 775 348 semper,
809 312 893 350 quae
924 302 978 340 sic
1010 314 1164 354 coepere
1196 302 1386 345 subinde

363 362 566 402 Immutata
598 371 773 410 manent;
807 369 869 406 cui
899 368 982 407 laus
1014 382 1032 408 a
1065 375 1180 421 gente
1209 376 1354 410 vetusta

362 429 526 475 Prodiit,
561 436 676 482 atque
708 435 856 473 animos
887 436 1086 476 stimulant
1117 440 1269 477 virtutis
1300 452 1432 480 amore

297 508 346 533 620
368 496 544 546 Egregiis
574 506 826 539 monumenta
858 504 958 541 notis
991 509 1028 542 et
1057 506 1184 556 imago
1215 519 1377 546 suorum

358 564 595 616 Gentilisque
627 567 745 605 decor
776 569 894 607 titulis
926 570 1104 621 famaque
1136 575 1303 619 recenti,

355 630 488 669 Indole
520 634 584 681 qui
616 637 719 672 tanta
752 640 828 680 est,
862 636 954 674 istos
985 644 1180 688 spectatus
1212 642 1258 679 ad
1290 654 1431 687 annos,

353 698 425 736 llic
455 700 596 748 poterit
627 712 704 738 non
737 715 820 741 esse
851 702 976 742 bonus
1008 710 1073 743 aut
1103 707 1251 746 desinet
1281 711 1474 760 unquam?

353 764 565 803 Fortunate
596 771 728 816 pater,
763 768 877 808 talem
909 774 945 808 te
978 784 1140 812 cernere
1174 787 1299 825 nuper

282 844 331 870 625
352 832 478 870 Ardor
509 838 592 872 erat
621 835 794 885 popum,
829 839 946 876 crevit
977 842 1193 879 reverentia
1225 844 1325 886 viso;

350 899 381 937 Ο
413 900 591 939 foecunda
623 903 712 940 viris
744 904 969 949 Germania,
1004 907 1082 945 sola
1115 910 1265 958 priores
1616 914 1777 967 jomim

350 966 442 1011 Quae
472 968 611 1014 vincis,
644 982 800 1021 semper
831 983 917 1022 quae
948 975 1074 1023 prisca
1106 976 1329 1015 recentibus
1360 990 1478 1028 auges

348 1034 541 1080 Cuhibus,
576 1041 612 1075 et
642 1049 842 1089 nunquam
874 1041 967 1079 sinis
998 1054 1019 1079 a
1050 1044 1264 1082 maioribus
1295 1045 1369 1083 illis

348 1102 595 1151 Degenerare
627 1105 766 1149 decus,
799 1111 840 1145 tu
873 1109 1047 1147 nondum
1081 1111 1203 1149 effoeta
1237 1117 1419 1162 parentes

275 1180 326 1206 630
348 1170 528 1220 Aequasti
559 1172 697 1211 virtute
728 1185 842 1218 nova,
876 1187 947 1213 nec
980 1176 1120 1215 desinis
1151 1190 1323 1229 unquam

342 1237 436 1276 Esse
469 1239 520 1276 tui
553 1238 713 1278 similis:
746 1240 837 1279 dum
870 1242 1028 1281 flumina
1059 1244 1230 1283 sontibus
1263 1252 1394 1285 errant

342 1304 550 1343 Irreditura
585 1308 686 1350 suis,
721 1308 860 1346 coelum
893 1310 984 1348 dum
1017 1311 1178 1349 volvitur
1210 1316 1339 1358 astris,

339 1372 438 1410 Dum
471 1372 572 1411 fovet
603 1386 772 1413 oceanus
802 1377 959 1428 pisces„
980 1378 1154 1417 animalia
1188 1380 1317 1426 tellus,

339 1440 540 1478 Constabis
571 1453 727 1492 semper
759 1442 826 1480 tibi
860 1448 898 1482 tu
930 1456 1163 1496 semperque
1195 1448 1333 1485 fereris

269 1519 317 1544 635
340 1507 460 1545 Terra
494 1508 599 1546 ferax
632 1521 862 1559 magnorum
896 1512 1115 1551 hominum:
1149 1514 1240 1552 dant
1270 1515 1409 1554 vellera
1434 1518 1569 1563 Seres,
1656 1526 1703 1569 {2¹:51

336 1574 427 1613 Fert
458 1575 678 1621 hebenum,
711 1577 785 1615 fert
815 1578 932 1617 Indus
965 1579 1082 1625 ebur,
1115 1592 1183 1619 sua
1215 1582 1330 1621 thura
1363 1584 1541 1630 Sabanis,

333 1641 510 1681 Balsama
542 1643 680 1689 Iudaei,
714 1645 843 1695 Tagus
874 1658 1035 1691 aurum,
1068 1649 1188 1687 rubra
1221 1651 1435 1699 smaragdis

330 1709 397 1748 Est
428 1710 606 1750 foecunda
638 1711 791 1757 Thetis,
824 1713 955 1752 laudat
986 1727 1054 1754 sua
1086 1716 1224 1766 pocula
1258 1718 1425 1762 Lesbo&

332 1777 502 1817 Thraces
533 1791 672 1829 equos,
707 1779 897 1832 Chalybes
928 1781 1097 1828 ferrum,
1131 1786 1338 1824 Germania
1371 1787 1488 1826 fortes

261 1857 310 1881 646
332 1845 537 1896 Nunquam
571 1846 754 1886 exhausta
787 1849 887 1887 viros
918 1849 1053 1889 sobole
1083 1852 1265 1902 producit
1296 1853 1462 1893 abunda.

330 1913 527 1963 Rumpere
559 1913 712 1959 laeticia,
746 1927 842 1965 gens
872 1916 1028 1962 Martia,
1063 1923 1098 1957 et
1128 1920 1266 1958 invcbe
1298 1920 1456 1971 plausus
1558 1942 1560 1973 j
1586 1922 1774 1979 ff,}1¹,¹11‚¹'³²;{1¹ff0³d

328 1980 534 2031 Nunquam
566 1981 647 2020 aliis
678 1983 796 2027 visos,
830 1984 909 2033 iugi
941 1986 1162 2025 contendite
1193 1999 1334 2039 pompa

326 2048 498 2087 Arctatas
530 2049 691 2100 opplere
722 2051 818 2095 vias,
853 2054 1039 2103 emergite
1070 2055 1180 2092 tectis

326 2115 476 2165 Ingenti
508 2116 705 2161 clamore,
739 2119 808 2156 viri
838 2119 1089 2171 innuptchuc
1121 2133 1344 2173 nurusqum

257 2196 306 2221 645
328 2183 450 2221 Nullis
481 2184 579 2222 fessa
611 2189 722 2229 fetas,
756 2185 871 2224 nullis
902 2187 1028 2237 pudor
1060 2188 1208 2234 obstet,
1242 2190 1431 2230 honorem

323 2250 410 2288 Vult
439 2251 524 2289 fieri
555 2251 627 2289 sibi
658 2264 796 2302 magna
827 2267 991 2304 parens,
1024 2267 1094 2293 nec
1128 2256 1250 2295 laetior
1281 2258 1357 2296 ulla

322 2318 485 2356 Pertulit
516 2319 552 2356 in
585 2332 727 2370 pompa
759 2334 800 2359 se
830 2321 1049 2361 luxuriante
1083 2324 1200 2362 videri

322 2385 533 2425 Indulsisse
566 2386 637 2425 sibi
669 2389 830 2438 strepitu
864 2390 1062 2440 nimioque
1094 2392 1306 2442 triumpho.

319 2454 458 2504 Aspice
490 2459 530 2491 ut
560 2455 778 2505 ingreditur
808 2468 949 2506 magna
981 2459 1197 2508 excipiente
1230 2464 1380 2498 caterva

251 2520 406 2565 6501116,
439 2521 558 2560 decor
589 2524 740 2571 patrize,
773 2525 940 2570 iuvenis,
973 2538 1087 2575 quem
1119 2527 1248 2565 dicere
1279 2529 1402 2578 possis

318 2588 482 2627 Delicias
514 2589 645 2639 populi
676 2590 897 2640 plaudentis
929 2598 966 2630 et
996 2593 1102 2631 orbis
1133 2596 1324 2633 amorem!

318 2655 476 2694 Rhenus
508 2657 615 2694 adest
646 2657 925 2708 dominumque
958 2673 1069 2698 suum
1101 2673 1312 2712 regemque
1334 2662 1491 2701 salutat:
1622 2664 1625 2716 1
1653 2678 1761 2701 Rhenus.

316 2723 522 2774 Nunquam
554 2725 605 2762 ita
636 2723 719 2763 laeta
753 2726 825 2764 deo
858 2727 975 2765 facies
1006 2729 1136 2777 prius,
1170 2730 1253 2779 ipse
1287 2731 1451 2768 verenda

1700 1520 1737 1571 θεὲ,

135 2843 177 2863 ⁶35
197 2845 243 2877 cf.
268 2847 372 2887 Ver-9.
392 2857 515 2888 georg.
535 2848 563 2878 I.
583 2847 637 2879 54.
657 2858 732 2889 sqq.
752 2854 815 2880 ete.
880 2848 922 2868 ⁶³⁶
940 2850 1042 2881 Intus
1061 2853 1092 2882 5.
1164 2850 1206 2871 ⁶³5
1225 2852 1361 2894 Tethys
1383 2856 1411 2884 I.
1426 2857 1499 2886 ΒΑ.
1520 2856 1656 2897 Thetys
1677 2860 1709 2889 3.
1723 2862 1753 2891 5.

44 2905 134 2932 recte
153 2904 183 2932 6.
202 2902 312 2933 rubra
330 2902 458 2934 Thetis
475 2915 520 2930 Ξ
538 2903 681 2934 rubrum
699 2915 808 2937 mare.
830 2905 876 2936 cf.
903 2907 1005 2947 Very.
1027 2906 1092 2938 ecl.
1111 2907 1195 2946 4732.
1217 2912 1248 2939 et
1266 2910 1321 2940 (cll.
1400 2911 1532 2952 popula
1552 2915 1581 2944 (5.
1652 2912 1696 2933 ‘²⁴⁰
1722 2914 1751 2946 Ο

43 2957 75 2987 Si
100 2967 171 2988 non
197 2958 429 2990 scribendum
456 2963 553 2990 esset
578 2959 685 2991 hodie
717 2961 913 2995 Tandem
937 2963 1129 3003 producere
1155 2966 1275 3005 πεῖραί]
1368 2965 1410 2985 ‘³⁴⁴
1436 2978 1563 3007 nurus,
1591 2972 1630 3000 ut
1656 2980 1752 3012 saepe

44 3016 132 3054 aput
149 3017 288 3055 poetas,
309 3026 372 3057 pro
391 3016 584 3047 iuvenibus
604 3016 762 3048 feminis.
834 3015 938 3044 ⁶5²⁵q‘1·
957 3019 1048 3050 Haec
1073 3020 1191 3052 Rheni
1216 3021 1337 3062 imago
1363 3023 1604 3064 pulcherrime
1631 3037 1752 3067 quam-

41 3068 97 3100 vis
122 3079 193 3101 non
220 3080 263 3101 ex
288 3072 391 3103 novis
417 3072 581 3103 omnibus
606 3073 770 3114 partibus
796 3075 984 3116 conposita
1012 3079 1076 3108 est.
1147 3077 1282 3109 Lemma
1307 3086 1366 3109 om.
1388 3081 1420 3111 3.
