2081 3517
128 228 281 250 HELIANI
301 229 344 250 DE
365 229 480 249 BELLO
502 229 598 250 SVSC.
615 230 698 249 ADV.
714 229 844 250 VENET.
861 229 904 249 ET
924 228 1062 249 TVRCAS
1084 228 1217 248 ORATIO
1237 228 1409 248 MAXIMlL.
1427 228 1509 249 AVG.
1526 229 1646 250 DICTA.
1684 209 1775 254 175

74 332 224 379 perbia,
253 336 372 367 tantus
395 334 652 367 Alemanorum
672 335 891 376 contemptus
919 341 963 364 ac
987 331 1121 365 irrisio.
1179 330 1234 366 De
1258 331 1421 364 avaricia
1447 339 1570 366 eorum
1602 328 1778 382 {ftss’ssgjgss‘zm
1795 337 1868 368 §.2:3.

76 388 367 435 profundissima
398 390 521 423 melius
550 392 602 422 est
625 392 746 422 tacere
775 398 883 432 quam
908 398 1044 432 parum
1076 388 1171 432 loqui
1180 401 1191 421 .·
1225 386 1292 421 hoc
1327 391 1445 420 tamen
1482 398 1591 422 unum
1628 400 1698 423 non
1728 393 1776 424 si-

81 445 174 488 lebo,
204 444 299 491 quod
326 455 431 490 quom
460 444 655 479 Gernucnia
684 443 832 477 liberam
857 452 895 476 se
923 453 1000 477 esse
1021 447 1136 488 putet,
1166 444 1256 477 sicut
1285 448 1317 477 ct
1346 452 1423 477 esse
1452 443 1562 487 debet,
1591 456 1695 490 quom
1718 457 1778 480 ar-

80 502 145 535 mis
172 500 291 534 adhuc
319 502 600 545 nonlpotuerint
633 500 841 533 astutissimi
870 499 1054 544 sophistae,
1094 499 1180 534 bene
1218 501 1429 533 invenerunt
1465 504 1580 535 artem
1617 512 1686 546 qua
1716 503 1782 536 sibi
1830 525 1834 527 Δ

51 557 305 591 5tributarianz
341 555 531 601 fecerunt.-
569 557 688 590 locant
722 556 813 589 enim
843 556 1100 589 mercatoribus
1126 557 1252 590 vestris
1281 556 1421 590 domum
1454 551 1498 603 (lo
1554 551 1780 575 G⁶r⁷mn¹a²r¹b“·

1553 584 1620 602 tarta
1641 580 1739 602 Venetis.

74 612 226 659 sandica
252 613 295 646 de
329 612 360 646 Τ
358 611 514 657 odesclii)
542 613 684 658 triqinta
713 621 830 656 supra
858 615 997 645 centum
1027 612 1164 646 ducatis
1193 614 1229 647 in
1263 612 1421 658 sinqulos
1454 613 1548 647 dies.-
1590 609 1646 661 Ιξξ
1658 611 1779 659 Τῖζᾶξζζῇ

78 662 152 704 non'
177 668 255 703 dico
281 669 440 713 ‘sinqulis
469 667 601 711 annis'‚
637 667 733 714 quod
764 667 903 712 quidem
940 668 1027 701 satis
1063 673 1173 712 esset,
1215 668 1292 703 dico
1322 670 1482 714 ‘sinqulis
1507 669 1663 704 diebus':
1698 681 1779 715 quce

80 725 220 770 quidem
244 734 388 759 summa
410 725 460 758 ad
477 724 721 770 quadraqinta
742 727 804 757 aut
822 725 1081 769 quinquaqinta
1100 725 1197 758 milia
1219 725 1430 760 ducatorum
1451 736 1576 760 annua
1597 727 1776 760 ascendit:

78 781 146 816 hoc
175 781 341 815 tributum
371 781 562 826 quotannis
595 779 736 814 Venetis
755 780 934 824 pendetis.
992 779 1048 814 De
1074 781 1159 826 qula
1189 783 1379 823 immensa,
1421 782 1464 816 de
1500 783 1554 816 lu·
1593 778 1650 831 1¹¹¹}ss
1664 778 1868 828 fflffmssth

34 838 191 872 macaria
219 848 291 871 non
320 839 443 871 attinet
467 837 516 870 ad
544 845 600 870 me
633 836 771 870 dicere:
808 847 915 881 quam
946 837 1009 881 qui
1035 838 1131 871 scire
1161 839 1255 880 velit,
1293 842 1481 873 recenseat
1506 849 1652 884 qreqes,
1693 840 1781 884 quid

77 895 231 938 qreqes?
261 894 329 927 imo
358 894 541 927 exercitus
571 893 753 935 lenonum,
785 893 1010 926 meretricum
1033 903 1076 926 ac
1102 894 1346 934 exoletorum;
1383 906 1454 930 non
1480 897 1669 941 sanquini,
1708 907 1778 930 non

79 949 257 994 religioni,
283 960 354 984 non
380 949 494 991 (etati,
534 959 606 983 non
631 949 739 982 sexui
758 947 873 983 lionor
899 949 994 983 ullus
1020 949 1226 992 adhibetur,
1264 960 1375 985 venus
1395 953 1629 996 promiscua,
1669 962 1779 986 venus

78 1005 311 1050 indifferens,
348 1015 457 1040 venus
486 1006 562 1040 sine
590 1006 675 1051 leqe.
739 1005 903 1039 Transeo
931 1005 1195 1040 crudelitatem:
1234 1006 1365 1041 liabent
1402 1007 1587 1043 Venetiani
1616 1004 1778 1058 fflguffjfflst·

77 1071 145 1096 sua
175 1062 323 1095 macella
352 1061 512 1096 humana
540 1071 653 1096 carne
679 1061 831 1107 referta,
858 1060 989 1095 liabent
1014 1071 1101 1096 suas
1124 1063 1305 1106 latomias,
1335 1072 1425 1097 suos
1440 1068 1577 1107 tauroS,
1607 1070 1645 1100 ut
1662 1077 1775 1111 quon-

34 1117 161 1152 ¹⁵dam
203 1119 441 1152 inmanissimi
475 1120 625 1164 tyranni
656 1117 821 1152 habuisse
856 1122 1122 1159 memorantur;
1158 1120 1194 1153 in
1228 1118 1283 1153 liis
1320 1122 1588 1166 excarnificant
1620 1121 1778 1156 subditos

77 1183 168 1220 quos
196 1178 258 1208 aut
276 1178 432 1219 propter
469 1176 624 1209 eecimias
660 1184 704 1208 ac
740 1175 944 1219 sinqulares
978 1175 1119 1220 aliquas
1158 1177 1304 1210 virtutes
1339 1180 1402 1210 aut
1428 1181 1586 1222 propter
1618 1179 1777 1223 inqentes

77 1240 163 1276 opes
182 1231 348 1276 tyrannis
376 1230 606 1276 formidolosi
631 1241 675 1264 ac
701 1233 860 1275 suspecti
880 1234 975 1265 sunt.
1034 1231 1104 1265 duo
1130 1233 1220 1265 cinni
1244 1235 1324 1266 sunt
1353 1243 1460 1278 quum
1489 1235 1689 1268 exercitum
1720 1244 1775 1269 ve-

75 1290 190 1321 strum
216 1287 356 1332 Alpinis
385 1287 532 1321 saltibus
559 1287 637 1321 dolo
665 1287 895 1321 interclusum
925 1298 996 1320 non
1035 1288 1181 1321 militari
1216 1298 1314 1322 more
1349 1298 1432 1333 spo·
1496 1284 1778 1337 ffi'f,‘{‡}s'g{,ffiffiss2f”

77 1343 271 1386 liavcrunt,
311 1353 381 1377 non
410 1343 474 1377 sub
506 1344 625 1389 iuqum
655 1344 848 1385 miserunt,
886 1354 957 1377 non
988 1345 1167 1388 captivum
1199 1343 1231 1378 T
1231 1354 1404 1378 arcarum
1434 1348 1505 1380 ritu
1543 1348 1779 1382 vendiderunt

32 1406 65 1430 20
78 1403 140 1434 aut
162 1399 364 1433 redimendi
388 1403 593 1443 potestatem
622 1399 809 1444 fecerunt:
840 1400 926 1444 quid
954 1409 1038 1445 erqo
1049 1403 1065 1433 .'
1101 1399 1206 1444 ferro
1235 1400 1524 1436 trucidcwerunt:
1562 1403 1690 1437 rubent
1715 1405 1775 1438 Al-

70 1465 140 1501 pes
161 1456 355 1501 sanquine,
386 1455 544 1490 albicant
571 1457 653 1501 iuqa
687 1457 853 1490 montium
883 1455 1020 1490 ossibus
1044 1460 1243 1491 vestrorum
1270 1457 1408 1492 civium.
1457 1458 1604 1493 Patavi·
1659 1455 1777 1505 ,¹‚',²„{‚'2{“²·

77 1521 144 1546 nus
165 1517 312 1546 senatus
338 1512 435 1558 quod
454 1513 548 1547 vobis
567 1513 768 1555 studuisset,
801 1522 845 1546 ac
863 1513 1066 1556 prinzarius
1090 1514 1332 1558 unusquisque
1353 1513 1475 1559 furcis
1500 1525 1544 1549 ac
1564 1516 1778 1561 infoelicibus

76 1569 179 1614 liqnis
193 1569 378 1614 pependit.
426 1567 514 1610 Quce
531 1580 634 1615 quom
658 1570 705 1603 ita
731 1570 812 1611 sint,
835 1569 968 1603 (cudent
989 1573 1106 1602 tamen
1129 1569 1272 1614 luqubri
1289 1575 1393 1613 veste,
1419 1574 1509 1606 torto
1530 1573 1631 1616 collo,
1649 1573 1773 1617 flebili*
1790 1583 1867 1614 §.25,

77 1625 140 1659 bus
160 1626 283 1667 oculis,
314 1626 505 1659 summissa
531 1635 612 1660 voce
638 1635 769 1670 pacem
789 1635 957 1670 poscere,
988 1630 1020 1659 et
1043 1625 1293 1670 superioribus
1313 1625 1434 1661 diebus
1455 1627 1672 1673 deprehensi
1693 1633 1779 1663 sunt

31 1687 62 1711 25
77 1692 157 1716 cum
181 1682 291 1715 scalis
317 1685 348 1715 et
365 1683 528 1716 exercitu
549 1693 677 1728 maqno
697 1681 761 1716 sub
781 1681 947 1716 moenibus
984 1681 1259 1723 Veronensibus,
1283 1686 1320 1716 ut
1340 1683 1462 1718 urbem
1483 1685 1547 1719 sub
1567 1689 1703 1720 noctem
1722 1687 1777 1720 in-

76 1737 258 1780 vaderent,
280 1742 313 1772 et
330 1738 509 1783 prcesidia
534 1743 651 1773 vestra
677 1739 892 1784 iuqularcnt,
923 1743 956 1772 et
974 1738 1106 1772 audent
1127 1739 1248 1773 dicere
1269 1740 1276 1754 ‘
1291 1738 1411 1783 Vultis,
1439 1751 1458 1775 o
1478 1743 1678 1789 principes,
1712 1742 1778 1776 Ve-

76 1795 223 1836 ‘netias,
250 1794 402 1829 alterum
428 1794 545 1829 Italice
572 1795 725 1837 oculum,
758 1795 919 1840 effodere
949 1806 994 1829 ac
1019 1795 1164 1830 delere?
1194 1806 1264 1829 non
1284 1799 1425 1830 estium
1447 1799 1515 1832 cle·
1547 1818 1548 1845 χ
1570 1793 1777 1849 ,ζῗξζῗῇῗζεζ-Ο·

76 1852 265 1885 <mentium
295 1852 507 1896 principum
540 1852 617 1886 illos
651 1853 850 1897 inqeniosos
884 1852 1058 1896 artificeS,
1102 1853 1179 1886 illos
1213 1851 1379 1887 honestos
1412 1858 1651 1898 mercatores,
1697 1857 1778 1890 illas

78 1907 194 1941 ‘cedes
220 1907 459 1941 admirandas
487 1909 572 1943 velle
606 1908 831 1950 subvertere,
871 1919 951 1953 quse
979 1919 1187 1954 quanquam
1217 1917 1265 1942 ex
1293 1910 1408 1944 ruinis
1438 1921 1482 1945 ac
1510 1911 1680 1957 troplzceis
1701 1911 1776 1946 Ro-

32 1965 289 1998 20‘manorum
317 1968 349 1998 et
372 1964 584 1999 Grcecorum
613 1975 657 1998 ac
687 1966 882 1999 multarum
914 1964 1051 1999 urbium
1077 1968 1244 1999 vetustate
1269 1970 1440 2009 constent,
1468 1971 1584 2002 tamen
1609 1958 1776 2014 quoniam

78 2022 207 2055 ‘sensu
231 2024 360 2054 carent
384 2030 450 2054 nec
473 2022 663 2067 quicquam
691 2022 961 2063 commiserunt,
1001 2031 1072 2055 non
1106 2025 1190 2055 sunt
1216 2021 1334 2066 diqnce
1359 2026 1538 2058 tantorum
1564 2026 1776 2069 principum

77 2070 179 2111 ‘ira'ss
242 2076 334 2119 Quid
356 2077 466 2122 iqitur
494 2078 635 2112 volunt?
667 2078 786 2112 volunt
809 2077 970 2122 cedificiis
989 2086 1168 2122 parcere,
1203 2078 1269 2112 sed
1291 2078 1410 2113 delere
1438 2080 1668 2126 tyrannidem
1695 2091 1775 2115 cum

77 2134 260 2178 tyrannis,
290 2133 477 2178 voluntque
506 2134 659 2168 Venetice
684 2135 755 2168 sint
779 2135 1027 2177 mercatrices,
1058 2144 1130 2168 non
1159 2134 1430 2174 dominatrice&
1459 2137 1578 2171 volunt
1603 2147 1706 2171 mare
1733 2138 1775 2171 li-

77 2189 218 2233 berum,
252 2193 373 2224 terras
400 2189 553 2234 liberas,
584 2190 710 2233 dacia,
736 2190 916 2236 qabellas,
948 2191 1118 2238 portoria
1148 2190 1321 2234 deiicere,
1355 2191 1551 2227 libertatem
1578 2194 1774 2228 reducere:

32 2246 64 2272 3⁵
78 2256 162 2280 nam
191 2247 297 2281 sicuti
327 2257 398 2280 non
429 2246 529 2281 decet
542 2248 733 2293 principes
755 2248 926 2289 mercari,
954 2248 1002 2281 ita
1025 2248 1127 2281 etiam
1147 2257 1218 2281 non
1239 2249 1401 2282 convenit
1423 2249 1683 2285 mercatoribus
1710 2251 1774 2284 im-

71 2311 212 2347 perare
248 2312 293 2337 ac
323 2312 491 2348 rcqnare.
552 2303 658 2339 Nunc
693 2309 810 2338 autem
846 2303 960 2337 dicitis
997 2302 1103 2346 ‘Quid
1128 2302 1301 2349 fecimus,
1340 2305 1427 2350 quid
1458 2303 1862 2352 commeruirnics;''§·2ss‚

76 2357 170 2401 Quid
192 2360 464 2394 conmeruistis?
492 2364 529 2393 at
556 2370 628 2395 non
652 2361 700 2394 ita
725 2360 892 2395 dicebatis
918 2361 989 2394 iam
1018 2363 1102 2395 sunt
1128 2359 1197 2394 duo
1217 2362 1323 2403 anni,
1355 2362 1498 2407 quando
1519 2362 1630 2408 Alpes
1652 2367 1773 2398 trans-

74 2416 195 2461 qressi
218 2415 422 2450 Danubium
448 2426 492 2450 ac
524 2415 697 2452 Viennam
727 2416 868 2463 infestis
893 2417 1004 2462 siqnis
1031 2417 1225 2462 petebatis,
1254 2416 1457 2453 Bononiam
1484 2423 1516 2454 et
1542 2419 1712 2455 Urbinum
1744 2425 1777 2455 et

77 2470 320 2506 Mediolanum
342 2474 532 2517 superiore
555 2484 650 2508 anno
674 2477 755 2508 ante
772 2474 882 2519 finem
911 2474 1043 2508 mensis
1062 2472 1155 2508 Maii
1180 2474 1217 2508 in
1244 2478 1363 2508 vestra
1387 2479 1489 2520 pote-
1525 2469 1775 2526 lffi'goemssfimlffiss

32 2533 65 2562 4ο
78 2531 169 2562 state
189 2527 340 2574 futuras
365 2537 443 2563 esse
471 2529 681 2569 iactabatis;
707 2530 850 2575 quando
871 2529 1079 2575 Pontificem
1105 2531 1302 2565 maximum
1324 2542 1486 2576 parvum
1509 2533 1576 2568 Ca·
1608 2528 1776 2583 leoninam.

69 2584 259 2629 pellanum
282 2588 315 2619 et
345 2586 528 2620 minimum
558 2587 687 2620 altaris
718 2588 919 2621 ministrum
948 2585 1119 2632 facturos
1144 2587 1420 2632 proedicabatis,
1451 2592 1485 2623 et
1513 2588 1787 2636 Cliristiam'ssis

76 2651 172 2675 mum
199 2640 334 2687 Reqem
363 2641 597 2677 Francorum
638 2642 803 2678 Venetias
836 2643 1064 2679 cathenatum
1096 2643 1244 2678 trahere
1273 2645 1540 2688 minitabamini‚
1596 2641 1680 2669 ⁸²⁹⁸m
1694 2640 1774 2663 ‘'w’'

1596 2676 1623 2691 00
1627 2676 1689 2692 mm.

50 2698 53 2700 ’
76 2700 109 2731 et
130 2697 311 2733 Coesarem
330 2697 546 2744 Auqustum,
575 2703 729 2734 vestrum
752 2700 933 2736 Ccesarem
963 2702 1201 2743 maiestatem,
1233 2700 1509 2747 deformissimis
1550 2697 1706 2751 {Awfflm
1720 2697 1772 2721 ²¹¹⁸·

1572 2726 1752 2756 aeimiliamam„

166 2873 179 2894 ⁶
203 2875 362 2917 trigenta
388 2878 419 2907 1.
491 2874 518 2895 ¹⁰
543 2878 685 2908 attenet
709 2879 740 2908 1.
814 2875 839 2897 ¹4
865 2878 913 2910 ef.
930 2878 1146 2910 Phalarism.
1166 2879 1269 2910 Hutt.
1341 2877 1367 2899 ¹5
1393 2878 1524 2912 Clades
1550 2879 1772 2914 Caesariano-

77 2940 153 2961 rum
177 2931 215 2961 in
237 2931 388 2972 Alpibus
414 2931 558 2971 Carnis,
591 2933 627 2963 in
651 2933 774 2974 primis
800 2934 892 2975 apud
918 2935 1088 2975 Cadoras,
1110 2946 1153 2967 m.
1170 2935 1277 2967 Febr.
1298 2934 1393 2967 1508.
1414 2938 1450 2967 et
1473 2937 1621 2969 Liviani
1646 2939 1771 2970 erude-

75 2986 174 3026 litas,
202 2987 261 3029 qui
286 2998 348 3029 pro
374 2988 527 3030 singulis
553 2989 735 3030 capitibus
761 2989 950 3023 Germanis
976 2991 1135 3033 singulos
1160 2991 1310 3023 ducatos
1335 2992 1518 3025 Stratiotis
1543 3004 1580 3025 se
1606 2994 1771 3027 daturum

76 3043 300 3083 promiserat.
363 3043 388 3063 2¹
416 3056 458 3076 ln.
478 3044 575 3086 Sept.
595 3055 627 3076 a.
649 3044 743 3077 1509.
763 3046 808 3078 cf.
827 3047 950 3078 Bemb.
969 3047 1030 3079 lib.
1051 3046 1081 3078 S.
1101 3058 1193 3080 vers.
1213 3047 1272 3079 fin.
1335 3045 1364 3067 ²⁷
1387 3049 1549 3081 oeculum
1569 3052 1598 3082 1.
1661 3049 1686 3071 ³¹
1713 3055 1771 3084 06-

78 3099 261 3130 misserunt
286 3102 316 3130 1.
387 3098 414 3119 3²
432 3099 550 3142 dacia}
579 3101 735 3133 telonea.
804 3101 832 3121 ³⁸
857 3103 1075 3135 (lannubium
1107 3106 1132 3135 l.
1203 3103 1232 3124 ⁴⁰
1256 3105 1480 3138 iactababis:
1501 3109 1530 3138 1.
