2081 3517
268 211 361 255 204
440 231 487 251 ΑΒ
505 230 713 251 ELECTORES
733 228 954 254 REMQVOSQ.
975 227 1225 248 GERMANQRVM
1246 227 1440 248 PRth‘lPl-:S
1459 227 1604 249 CARMEN
1623 228 1778 250 EXHORT-

532 335 606 369 Nec
630 344 668 369 se
691 334 794 368 aliter
823 335 955 366 norunt
979 331 1133 365 evadere
1159 340 1266 375 posse
1289 331 1465 375 periclum
1474 346 1484 370 ‚-

539 390 602 426 Vel
620 391 653 424 si
672 390 763 424 alius
784 389 922 434 cupiat,
953 387 1154 432 quicunque
1176 387 1220 421 sit
1243 387 1318 430 ille,
1349 387 1495 422 trisulco

461 459 511 486 365
532 446 695 482 Fulmine
723 448 904 479 tartareas
933 443 1100 488 adiyatur
1128 443 1273 489 iniquus
1297 443 1348 477 ud
1367 443 1526 478 umbras.

529 502 599 545 Qui
618 501 706 547 fidei
731 501 823 534 inter
848 508 887 533 se
917 500 1133 533 comminare
1162 499 1319 534 culmina
1342 503 1477 534 nostrce

530 558 660 604 Coyitet
686 559 719 591 et
737 556 824 600 plus
849 565 957 600 quam
981 554 1096 590 civilia
1123 553 1214 590 bella
1244 564 1402 598 movere,

529 614 605 649 Nec
632 617 689 647 sut
718 611 977 657 Christiyenam
1005 611 1202 646 mutilatam
1231 614 1443 657 extinguere
1467 615 1623 657 mntem,

530 669 645 712 Quam
669 668 768 702 decet
791 668 827 701 in
847 667 1004 713 populos
1029 671 1112 712 post
1138 667 1217 702 hcec
1245 669 1410 702 (inimare
1439 667 1651 713 nephandos

460 736 508 761 :370
532 726 755 767 Turcarum,
785 734 866 770 quoe
893 728 1009 758 stante
1037 724 1125 758 satis
1150 725 1195 758 sit
1215 723 1358 770 foedere
1385 723 1539 759 Mauros

537 781 691 816 Vincere
721 783 754 815 et
780 779 957 814 imbellum
988 778 1204 814 Sultlzccnum
1232 784 1396 815 avertere
1425 779 1603 826 Memphi,

527 838 701 882 Almuque
726 835 833 882 ferre
860 837 981 871 crucis
1005 839 1113 870 totum
1143 837 1274 871 vexilla
1291 845 1364 881 per
1387 836 1527 871 orbem.-

527 894 576 928 Et
600 893 743 939 quando
771 892 833 927 illa
857 891 944 938 fuit,
975 902 1044 938 quo
1070 896 1227 938 tempore
1250 893 1330 926 tulis
1359 893 1403 927 ab
1433 894 1538 927 annis

527 948 699 985 Pluribus
729 949 948 994 armipotens
977 948 1066 982 adeo
1096 952 1202 994 utque
1226 949 1393 993 opulenta
1417 949 1566 995 puratis

459 1020 508 1046 375
529 1005 710 1042 Classibus
737 1008 771 1039 et
799 1008 894 1039 tanto
925 1005 1100 1039 molimine
1125 1008 1400 1048 tormentorum,

529 1061 577 1097 Et
599 1061 667 1096 sibi
694 1065 766 1096 tam
792 1061 972 1096 unanimis
1002 1060 1119 1096 divino
1149 1064 1183 1095 et
1207 1061 1351 1096 numine
1380 1065 1558 1096 concors?

528 1117 697 1154 Dividere
727 1117 823 1152 lianc
854 1117 978 1163 uliquu
1008 1126 1058 1151 ex
1088 1116 1209 1152 Erebo
1231 1115 1319 1162 fera
1343 1122 1480 1163 quoeret
1506 1116 1696 1164 Erinnys?

528 1174 674 1209 Summe
702 1174 809 1216 deus,
836 1174 993 1219 propriu
1012 1174 1201 1218 pereuntis
1230 1178 1343 1208 morte
1366 1174 1572 1220 redemptor

525 1231 690 1266 Humani
713 1231 877 1277 generis,
908 1229 1110 1265 venerabile
1133 1228 1235 1275 foedu
1260 1231 1468 1275 sepulcrum

458 1299 509 1325 350
529 1288 639 1324 Cuius
664 1286 854 1322 barbaries
883 1286 1059 1321 horrendi
1083 1290 1115 1320 ct
1137 1287 1293 1321 numinis
1323 1290 1470 1321 centrum

527 1343 707 1388 Possidet,
739 1347 778 1378 ut
805 1343 930 1378 saltem
956 1346 1015 1377 tua
1044 1352 1132 1388 qens
1158 1354 1181 1377 u
1204 1342 1372 1388 faucibus
1402 1344 1493 1378 illud

526 1400 675 1445 Eripiut
701 1410 800 1435 nunc
821 1404 909 1445 apta
933 1410 1082 1441 canum,
1108 1398 1280 1444 prohibe,
1311 1400 1461 1445 optime,
1493 1400 1614 1435 dirum

526 1456 606 1492 Hoc
635 1457 771 1499 scelus,
802 1467 908 1491 arma
937 1459 1015 1490 tuos
1037 1456 1129 1489 inter
1152 1456 1377 1501 populosque
1406 1456 1586 1503 ducesque

525 1512 700 1548 Intestina
728 1516 824 1555 veta,
857 1516 891 1547 el
918 1511 1113 1547 concordia
1141 1512 1284 1557 foedera
1313 1521 1439 1548 servu.-

458 1580 507 1606 385
528 1569 639 1604 Nulla
663 1569 886 1604 Acheronteo
912 1567 1141 1614 perfundere
1165 1567 1254 1614 felle
1281 1567 1465 1614 Μεριενα,

528 1625 637 1661 Nulla
663 1629 838 1661 venenata
868 1625 1060 1660 dissolvere
1089 1625 1215 1670 vipera
1240 1625 1379 1670 linqua,

527 1682 603 1717 Nec
632 1682 775 1717 valeant
803 1686 983 1717 temerare
1009 1681 1096 1723 doli,
1126 1682 1261 1716 violare
1282 1691 1348 1716 nec
1377 1685 1495 1724 artes,

526 1737 602 1773 Nec
629 1739 727 1773 matu
757 1738 912 1773 consiliis
941 1741 1095 1772 noceant
1119 1738 1290 1783 fiyttzenta
1310 1738 1484 1784 mccliqnis.

528 1793 607 1829 Sint
632 1798 705 1830 tres
734 1795 941 1837 unanimes,
973 1793 1166 1839 eademque
1195 1795 1231 1828 in
1259 1804 1414 1840 corpore
1440 1799 1540 1829 terno

459 1861 509 1886 390
529 1850 652 1894 Mens,
676 1852 834 1893 animus,
859 1861 962 1897 spes,
987 1851 1077 1892 vitu,
1102 1851 1220 1891 sulus,
1244 1860 1346 1894 sors,
1373 1860 1488 1893 cura,
1513 1851 1699 1886 voluntas!

348 1982 392 2003 ³⁶5
416 1982 633 2014 multilatam
661 1985 690 2014 1.
767 1981 810 2003 ³⁷¹
843 1980 1042 2023 Sultanum]
1075 1982 1243 2024 Aeygsptz‘,
1284 1983 1401 2014 Kunsu
1433 1983 1579 2024 alyouri,
1619 1985 1760 2015 moritur
1789 1986 1822 2015 in
1850 1994 1964 2025 pugna

261 2040 450 2080 Aleppensi
480 2050 566 2071 anno
593 2041 690 2070 1516.
761 2038 806 2058 3⁷⁷
831 2037 993 2071 erinnis?
1018 2040 1047 2070 1.
1119 2037 1162 2058 ³5³5
1188 2049 1351 2080 megera:
1372 2041 1402 2070 1.
1473 2038 1517 2059 35³¹>
1542 2038 1714 2082 figmenta
1733 2041 1763 2071 1.
1840 2038 1883 2060 ³⁸⁹
1911 2041 1961 2081 Cf.

260 2107 287 2127 υ.
308 2097 387 2128 359.
449 2095 492 2116 ³⁹⁰
516 2095 701 2127 uoluntas:
721 2097 753 2127 1.
