2081 3517
273 223 396 256 XXVI

458 227 739 251 EMENDATIONES
761 227 922 250 HVTTENI
943 225 1043 248 MANV
1065 224 1226 247 SCRIPTAE
1246 223 1294 247 AD
1314 224 1426 247 HVIVS
1446 224 1544 246 EDIT.
1559 224 1642 247 VOL.
1657 225 1692 248 V.
1707 225 1973 250 PERTINENTES.

273 330 351 361 Vol.
367 341 448 372 pag.
463 341 555 363 vers.

288 386 330 416 v.
401 385 444 417 60

401 609 441 641 61

402 1953 423 2151 oexlxlml

424 1952 446 2151 001140

401 2400 446 2432 -81

405 2568 447 2600 83

406 2680 448 2711 84

407 2847 450 2879 85

408 3068 452 3101 86

490 393 522 418 23
569 396 639 417 non
664 385 802 416 inferas
820 386 850 416 1.
869 384 972 415 delen.
990 385 1027 413 H.
1046 386 1078 413 et
1102 382 1213 413 adscr.
1232 380 1367 412 Inferi-e
1385 380 1480 421 nese}
1509 380 1544 419 (ἰ.
1562 391 1593 412 e.
1612 381 1757 413 nescias
1781 393 1847 414 non
1864 383 1974 422 nosti)

508 448 519 473 1
571 442 631 483 qui
655 450 726 472 non
751 439 852 470 vides
878 439 979 469 delei).
999 440 1036 468 H.
1055 442 1088 468 et
1112 438 1224 468 adscr.
1246 440 1281 467 et
1300 433 1450 468 {sensato
1484 432 1554 477 lqui
1577 446 1663 478 neq3
1687 437 1790 469 vides
1824 440 1874 479 1q3
1902 438 1974 480 ptis

629 497 665 535 (i.
684 506 712 527 e.
733 498 767 526 et
792 495 1014 533 insensatus,
1043 493 1103 533 qui
1126 502 1243 532 neque
1268 491 1369 522 vides
1394 502 1510 533 neque
1536 492 1664 532 sentis)

503 559 519 584 4
565 563 636 584 non
660 551 773 593 possit
797 550 861 580 del.
879 553 917 581 H.
937 553 970 579 et
993 550 1106 580 adscr.
1126 545 1163 578 ia*
1186 547 1282 578 ultra
1310 546 1391 588 lnon
1415 548 1537 588 possit,

490 615 532 642 13.
551 619 601 649 sq.
626 600 786 648 potius'q3
812 614 847 634 re
873 604 949 645 ipsa
975 605 1005 635 1.
1026 605 1128 635 delev.
1148 606 1185 633 H.
1204 607 1237 633 et
1261 604 1374 634 adscr.
1395 603 1574 635 docuisses
1606 602 1653 644 [ut
1677 603 1750 634 iam
1778 603 1900 645 posses
1929 604 1977 648 {re

628 662 754 704 pocius
782 659 882 701 [lpsa,
911 656 979 700 qud
1004 664 1036 689 et
1060 669 1105 690 αι’
1128 663 1281 700 sequenti
1304 658 1518 690 defenderes
1539 659 1623 699 fecit
1647 659 1856 691 defendere.

491 726 520 751 16
568 718 694 750 aiebas
719 717 781 747 del.
799 718 835 746 H.
856 718 887 745 et
913 715 1023 746 adscr.
1043 714 1096 745 ais
1120 716 1185 746 sed
1205 724 1348 756 sequens
1373 714 1580 755 obijciebas
1606 725 1671 745 non
1694 717 1840 747 mutavit.

489 782 519 807 17
568 778 602 806 et
626 778 701 805 ante
726 774 876 802 mortem
902 771 1014 801 adscr.
1033 774 1070 803 H.

489 838 520 862 28
563 833 641 871 post
668 828 725 858 eui
747 827 859 867 posita
884 829 934 857 est
956 823 974 866 s
993 830 1025 857 et
1050 827 1096 857 ad
1118 836 1221 866 marg.
1239 827 1443 866 adscriptum
1475 824 1556 857 ecia*
1588 825 1615 856 si
1649 825 1779 866 lnondii
1810 827 1859 858 sie
1893 827 1978 859 inno

632 884 747 925 {issent
782 882 820 923 j1t
844 881 983 921 omnia,
1013 881 1105 922 (puto
1132 881 1244 912 etiam
1270 881 1301 912 si
1326 881 1482 912 nondum
1506 882 1561 912 sie
1586 881 1830 914 innotuissent
1862 887 1895 914 ut
1917 894 1979 924 pa-

627 931 720 970 teant
744 935 900 979 omnia,)

488 1004 519 1029 30
565 999 653 1027 inter
676 995 769 1026 vivit
793 997 825 1024 et
849 1003 918 1024 nec
943 1003 1067 1025 comma
1091 995 1123 1024 in
1148 994 1178 1024 1.
1197 994 1347 1024 omissum
1371 993 1573 1034 interposuit
1595 996 1634 1024 H.

488 1060 519 1085 35
566 1047 638 1094 idcj3
664 1054 693 1082 1.
720 1047 796 1092 qu3
821 1052 858 1080 H.

505 1115 513 1139 1
566 1109 662 1147 sinu,
688 1110 727 1137 ut
752 1108 783 1136 1.
809 1105 910 1136 sinu?
935 1105 982 1136 Vt
1008 1115 1096 1136 corr.
1116 1109 1154 1136 H.

505 1171 518 1196 '3
563 1168 639 1206 post
665 1164 775 1195 etiam
800 1164 839 1193 H.
859 1162 904 1192 act
927 1170 1031 1201 marg.
1051 1161 1183 1192 addidit
1216 1163 1252 1192 et
1282 1159 1360 1202 (per
1385 1161 1525 1192 deletam
1556 1162 1619 1202 est)
1656 1162 1830 1203 congress}
1859 1162 1903 1193 ad
1934 1161 1977 1193 li-

630 1217 801 1261 bidilnem
827 1216 960 1258 dignet}
990 1216 1024 1253 (i.
1046 1227 1073 1248 e.
1094 1219 1130 1248 et
1156 1225 1372 1258 congressus
1399 1216 1444 1247 ad
1469 1216 1657 1248 libidinem
1683 1216 1879 1258 dignetur.)

505 1284 519 1310 9
566 1277 681 1319 possit
701 1299 708 1306 .
728 1285 744 1306 r
769 1276 798 1305 1.
819 1277 855 1306 H.
869 1274 953 1314 fecit
978 1272 1110 1315 possit?
1135 1272 1166 1303 R

490 1340 521 1366 10
570 1344 648 1366 eum
672 1333 776 1364 deleo.
793 1334 830 1362 H.
848 1335 880 1362 et
900 1340 966 1371 pro
991 1330 1144 1370 sequenti
1166 1331 1206 1359 tu
1225 1329 1340 1369 posuit
1365 1338 1444 1359 eum

491 1399 522 1424 12
570 1388 682 1423 salute
707 1390 771 1420 del.
791 1392 828 1417 H.
849 1391 881 1418 et
906 1386 1016 1416 adscr.
1035 1382 1278 1416 incolumitate
1302 1389 1334 1416 et
1356 1395 1420 1426 pro
1448 1384 1644 1416 redimisset
1663 1385 1748 1425 fecit
1771 1384 1978 1416 redemisset

490 1455 521 1480 29
570 1451 605 1479 et
630 1449 732 1479 delen.
751 1449 788 1476 H.
809 1449 840 1476 et
866 1452 970 1483 marg.
991 1441 1108 1472 adscr.
1127 1439 1229 1472 illum

489 1511 521 1536 36
567 1509 644 1545 post
667 1513 758 1534 nece
783 1510 905 1533 comma
930 1499 1043 1529 adscr.
1060 1500 1100 1529 H.

505 1567 520 1591 4
568 1559 660 1601 qnod
686 1560 796 1590 deleta
821 1567 840 1588 o
865 1557 903 1586 H.
922 1554 1066 1586 adserui
1091 1551 1202 1595 (quid)

490 1622 520 1647 17
566 1615 685 1647 iniisse
710 1624 799 1646 corr.
817 1616 855 1643 H.

493 1678 521 1703 14
563 1676 642 1713 post
675 1674 728 1702 est
753 1674 791 1700 H.
817 1670 863 1700 ad
885 1678 989 1709 marg.
1008 1667 1120 1698 adscr.
1156 1664 1207 1707 {iti
1232 1666 1409 1707 praesump
1437 1662 1607 1706 intendis,
1636 1667 1716 1706 atq3
1755 1668 1786 1696 et
1810 1665 1982 1695 recentior

630 1738 744 1758 manns
775 1725 838 1757 illo
871 1723 1013 1766 ingenti
1045 1726 1077 1754 et
1104 1719 1180 1753 eide
1210 1726 1287 1763 post
1312 1722 1551 1752 Hztttenz'anum
1582 1730 1759 1762 praesump
1785 1721 1979 1761 adscripsit.

631 1785 692 1814 sed
716 1783 885 1824 legendum
910 1784 978 1819 est,
1007 1779 1149 1821 ingenti
1174 1778 1454 1820 praesumptione
1482 1777 1688 1817 contendis,
1716 1780 1825 1817 atque

506 1846 520 1872 S
568 1839 623 1882 ae]
650 1844 686 1871 H.
706 1850 793 1871 corr.
814 1841 849 1869 et

491 1903 522 1928 25
567 1902 645 1937 post
668 1899 772 1938 parte
798 1898 833 1925 H.
854 1894 900 1924 ml
922 1903 1025 1933 marg.
1046 1891 1178 1923 addidit
1202 1900 1272 1921 non
1298 1889 1412 1921 habes
1440 1890 1594 1930 jinquam
1621 1887 1755 1921 solaciii
1782 1889 1870 1928 moe,

491 1959 521 1983 27
569 1977 576 1984 .
596 1953 696 1983 Intus
722 1955 752 1983 1.
780 1977 787 1992 ‚
806 1952 818 1982 i
843 1961 933 1982 corr.
952 1953 989 1979 H.

494 2015 523 2040 19
569 2012 646 2049 post
671 2009 809 2049 flagitio
835 2011 872 2039 H.
893 2008 938 2038 ad
960 2015 1064 2046 marg.
1084 2004 1164 2034 add.
1193 1999 1443 2045 {oportunissIe
1470 2004 1549 2041 (non
1574 2001 1930 2043 inopportunissime)

491 2071 521 2096 17
567 2065 708 2105 margini
731 2066 888 2106 adposita
910 2066 986 2094 sunt
1034 2082 1046 2099 9
1097 2080 1109 2097 9

493 2133 556 2152 non
580 2132 610 2151 v.
630 2126 670 2151 13.
689 2121 751 2152 sed
773 2132 802 2152 υ.
822 2126 864 2151 16.
890 2122 925 2150 ‘te
952 2119 1055 2150 delev.
1073 2120 1110 2149 H.

494 2183 524 2208 15
566 2181 645 2218 post
670 2187 715 2207 ne
741 2177 786 2208 ad
809 2186 912 2217 marg.
931 2176 1041 2206 adscr.
1061 2178 1097 2207 H.
1125 2173 1152 2205 si
1180 2170 1226 2213 {iis
1249 2172 1343 2203 ferre
1373 2171 1490 2202 losses.
1517 2175 1550 2201 et
1573 2170 1743 2201 recentior
1766 2180 1880 2201 manus
1914 2168 1984 2211 {no-

634 2232 745 2263 minia
770 2237 802 2263 et
836 2230 880 2273 {16
903 2232 1115 2272 Legendnm:
1150 2230 1181 2260 si
1214 2228 1451 2270 ignominiam
1484 2227 1579 2258 ferre
1605 2237 1676 2258 non
1700 2235 1826 2268 posses
1917 2225 1982 2256 Ex

632 2293 754 2329 puncto
783 2292 863 2329 post
893 2287 1114 2329 repellerent
1145 2296 1266 2317 cozmna
1293 2285 1378 2325 fecit
1400 2288 1438 2315 H.
1464 2284 1527 2314 secl
1555 2292 1704 2324 magnam
1736 2292 1810 2324 φατε
1833 2282 1984 2323 seqnitur

633 2345 668 2375 H
691 2355 762 2376 non
787 2345 940 2376 mutavit

497 2407 526 2432 17
569 2411 635 2442 pro
668 2401 785 2431 deletis
816 2400 1002 2442 profligati
1074 2409 1190 2431 mores
1223 2399 1268 2429 ad
1290 2408 1396 2438 marg.
1416 2398 1527 2430 adscr,
1546 2399 1583 2427 Η.
1610 2396 1699 2437 quod
1717 2395 1845 2436 parlim
1869 2403 1984 2425 recen-

637 2458 720 2488 tiore
745 2467 840 2487 mann
866 2461 1055 2488 renovatam
1081 2460 1132 2487 est
1155 2452 1271 2496 perfia
1295 2454 1495 2496 profligatae
1519 2453 1639 2484 mentis
1666 2454 1874 2492 argumenta

493 2519 525 2543 22
567 2523 633 2553 pro
660 2516 720 2544 tuo
746 2513 925 2554 supplicio
951 2514 996 2543 ad
1019 2522 1123 2553 marg.
1144 2509 1300 2552 quoeffqJ
1327 2510 1439 2542 etiam
1459 2510 1610 2550 periculo

509 2576 524 2599 5
570 2572 647 2609 post
671 2568 850 2600 hebescat
882 2570 914 2599 in
939 2579 1041 2610 marg.
1061 2569 1140 2600 add.
1160 2572 1198 2598 H.
1234 2566 1362 2606 §nanae
1395 2566 1476 2607 (suit
1507 2563 1745 2605 inhumanae)
1780 2567 1813 2595 et
1841 2572 1984 2605 sequens

635 2624 763 2655 uestrae
789 2625 918 2656 delevit.

513 2687 524 2712 1
573 2681 688 2722 Neque
713 2681 774 2711 hoc
798 2682 869 2712 Ioco
894 2691 1010 2712 nomen
1033 2684 1166 2712 mutavit
1191 2683 1229 2712 H.

497 2743 527 2768 16
574 2737 617 2768 In
641 2737 702 2768 Izoc
727 2746 854 2778 qaoque
880 2738 1105 2768 additamento
1131 2737 1233 2768 verba
1257 2746 1362 2768 nemo
1387 2739 1419 2767 et
1445 2735 1601 2766 fortasse
1619 2738 1651 2765 et
1669 2732 1799 2764 fuisset
1815 2732 1984 2763 recentior

635 2803 748 2823 manus
772 2795 950 2824 renovavit.

511 2855 525 2879 9
573 2849 631 2879 Ad
654 2850 736 2880 dnos
760 2859 874 2880 versas
906 2851 962 2889 qui
984 2851 1150 2880 continent
1176 2849 1283 2880 quat
1359 2847 1494 2878 auxilio
1521 2849 1577 2878 est
1600 2850 1638 2877 H.
1652 2846 1767 2887 posuit
1791 2844 1868 2875 bina
1909 2865 1921 2882 ‚
1971 2865 1983 2882 9

496 2910 528 2935 26
576 2905 643 2936 Pro
670 2906 792 2936 deletis
821 2904 930 2935 verbis
961 2905 1082 2946 potius
1154 2904 1299 2946 precari
1328 2914 1433 2944 marg.
1460 2904 1666 2944 adscriptum
1696 2906 1747 2933 cst
1777 2899 1883 2932 tantu
1905 2911 1985 2943 pre-

637 2960 713 2991 cari
736 2962 922 2998 voluerunt,

497 3019 529 3045 36
575 3015 838 3055 perdidissimus
864 3018 895 3049 1.
922 3026 1011 3049 corr.
1028 3020 1066 3047 H.

498 3075 531 3100 22
573 3075 653 3112 post
677 3074 832 3103 mentem
855 3076 893 3103 H.
913 3082 1036 3104 comma
1058 3073 1170 3115 posuit
1194 3076 1228 3104 et
1251 3081 1320 3104 rec.
1339 3082 1424 3104 man.
1442 3072 1490 3103 ad
1511 3080 1614 3112 marg.
1635 3066 1818 3111 adscripsit
1853 3066 1984 3110 lentem
