2081 3517
172 953 245 983 §.14.

174 1522 195 1553 ᾖ.
210 1523 247 1550 15.

173 2024 195 2055 §.
211 2025 248 2053 16.

268 213 358 257 172
389 232 541 254 HELIANI
561 234 605 254 DE
626 234 742 255 BELLO
764 234 860 255 SVSC.
878 233 960 254 ADV.
979 233 1107 254 VENET.
1126 233 1167 253 ET
1188 232 1324 254 TVRCAS
1346 233 1479 255 ORATIO
1499 234 1669 256 MAXIMIL.
1684 235 1766 257 AVG.
1784 237 1902 258 DICTA.

261 333 398 388 {gfff-23(
420 334 423 385 [
448 329 708 384 Aquileiensis,
737 348 837 384 quem
860 336 998 371 Histria
1030 340 1062 370 et
1091 336 1234 371 dimidia
1258 341 1364 381 parte
1394 338 1547 373 Venetice
1561 341 1820 384 privaverunt‚·
1849 343 1951 375 testes

260 389 458 445 {gffig‘ss‘jssssssfj
491 398 576 428 sunt
604 396 729 428 iterum
760 393 942 428 duodecim
973 394 1140 427 canonici
1166 393 1426 439 Aquileienses,
1465 405 1553 440 quos
1579 406 1713 440 parum
1735 395 1808 441 fuit
1835 397 1951 430 multis

261 450 435 496 opulentis
467 451 619 484 castellis
640 454 672 484 et
693 449 847 494 oppidis,
879 458 959 493 quce
981 448 1231 494 possidebant,
1263 459 1345 483 cum
1376 452 1442 484 cita
1473 452 1581 485 simul
1607 452 1791 496 spoliasse,
1820 453 1889 486 nisi
1914 453 1950 486 in

260 507 466 541 memoriam
497 507 585 540 tanti
609 506 791 551 sacrileqii
818 504 1001 539 duodecim
1026 515 1161 550 porcos
1185 506 1341 551 pinques
1376 505 1509 541 abraso
1544 508 1632 542 collo
1663 507 1717 541 die
1746 507 1840 542 Iovis
1868 511 1950 542 (inte

260 562 572 608 quadraqesimam
595 561 743 606 sinqulis
765 561 871 595 annis
895 561 932 595 in
955 560 1096 595 harena
1121 562 1254 607 populo
1282 566 1466 607 spectante
1480 563 1738 608 qladiatoribus
1758 563 1945 608 conficien-
1962 568 1977 591 5

261 613 432 665 ἔξξυξζψᾝ
463 618 527 652 dos
561 617 744 654 obiiciant;
784 617 878 651 testis
915 621 967 650 est
998 618 1249 652 serenissimus
1290 617 1376 652 Rex
1413 618 1659 664 Unqarorum,
1698 619 1801 653 cuius
1831 628 1952 665 prope

260 677 438 708 trecentas
469 674 624 715 insulas,
661 673 781 707 decem
816 673 971 707 civitates
1003 674 1242 718 episcopales,
1283 674 1377 708 duas
1407 675 1616 719 provincias
1652 675 1871 710 Dalmatiam
1907 685 1952 709 ae

261 729 490 771 Liburniam,
523 734 568 764 tot
589 733 739 774 portus,
771 729 963 774 quinqenta
993 730 1136 764 circiter
1166 731 1263 764 milia
1285 740 1462 775 passuum
1491 732 1664 765 maritimi
1690 731 1815 765 littoris
1843 740 1950 765 occu-

260 781 393 812 smp‘ffl'ffl
412 780 496 833 sm!
524 788 724 830 paverunt,-
756 786 850 819 testis
877 789 929 819 est
960 784 1163 830 Imperator
1196 785 1623 831 Constantinopolitanus,
1663 791 1695 821 et
1719 787 1793 821 eius
1819 795 1951 832 proce-

258 809 437 835 ειαηιιηοροΙιε.

260 837 341 887 ζζῖζζῗ
362 836 442 891 ‘''0'1
480 851 540 875 res
568 845 600 875 et
623 841 764 886 finitimi
788 840 874 876 Itali
901 840 1167 884 Cctrtarienses,
1203 841 1411 884 Scalenses‚
1442 842 1652 886 Mantuani,
1691 842 1996 877 Ferrarienses¹0

261 901 294 931 et
331 896 619 931 Mediolanenses
646 896 784 939 Duces,
820 907 974 943 quorum
1009 898 1098 932 alios
1135 899 1274 943 maqnis
1310 898 1478 941 urbibus,
1516 900 1641 934 insulis
1675 909 1719 933 ac
1740 898 1951 943 provinciis,

264 953 352 987 alios
379 952 524 987 dimidia
543 956 669 998 parte,
712 953 801 987 alios
830 953 991 988 omnibus
1019 953 1138 995 bonis,
1176 955 1265 988 alios
1302 955 1405 988 etiam
1446 955 1514 990 vita
1540 955 1822 991 mulctaverunt‚·
1852 958 1954 988 testes

263 1004 563 1057 k'ssssgffssssssfi‘ffffl'mmJ
595 1012 678 1043 sunt
703 1013 947 1044 antecessores
976 1011 1085 1044 vestri
1104 1010 1348 1055 Imperatores
1368 1010 1535 1053 Romani,
1563 1021 1652 1058 quos
1671 1010 1832 1052 Palavi,o
1869 1009 1952 1044 Vi-n

261 1060 373 1110 {235¹ae
397 1085 398 1089 =
430 1066 557 1107 centia,
591 1064 734 1099 Verona
759 1065 970 1106 deiecerunt,
1001 1070 1034 1100 et
1051 1065 1173 1101 Duces
1194 1067 1351 1101 Austrice
1376 1071 1408 1101 et
1435 1071 1553 1103 vestra
1575 1066 1744 1102 Coesarea
1773 1067 1951 1107 maiestas,

260 1116 472 1171 fffflg'ffl‘mffll
503 1132 611 1166 quam
644 1121 825 1164 Tarvisio,
857 1122 997 1164 Feltro,
1031 1122 1248 1165 Concordia,
1289 1122 1400 1165 Uti,no
1430 1123 1606 1169 Terqeste,
1638 1123 1777 1158 Coricia
1808 1127 1840 1156 et
1859 1121 1996 1157 omnim

254 1178 482 1222 possessione
511 1176 628 1211 Italiae
655 1178 800 1223 penitus
837 1179 1072 1223 expulerunt,
1110 1183 1143 1213 et
1180 1183 1366 1214 conantem
1400 1180 1449 1213 ad
1475 1180 1744 1225 imperatoriam
1783 1188 1955 1213 coronam

262 1232 413 1267 Romam
451 1234 638 1279 proficisci
676 1235 747 1268 iam
790 1236 953 1268 XXIIII
994 1244 1110 1269 annos
1146 1237 1259 1270 armis
1298 1236 1538 1273 retinuerunt,-
1580 1236 1674 1270 testis
1718 1238 1770 1269 est
1805 1234 1956 1280 denique

260 1285 510 1335 ξ’*ἘζίἺῙΕΡἩΜῙΡΡ
531 1286 534 1303 ¹
569 1300 726 1324 summus
750 1290 920 1337 pontifeoe
945 1296 977 1326 et
1005 1294 1152 1326 sanctus
1176 1291 1309 1326 Petrus
1337 1293 1430 1336 ipse,
1461 1293 1522 1337 qui
1546 1301 1590 1326 ne
1609 1301 1648 1326 se
1670 1300 1809 1337 quoque
1829 1290 1957 1325 ceteris

261 1345 384 1379 vicinis
409 1345 656 1389 pulchriorem
681 1350 840 1391 putaret,
870 1347 1006 1382 Forum
1027 1347 1176 1390 Livium,
1209 1348 1345 1383 Forum
1367 1347 1582 1390 Cornelium,
1618 1348 1840 1389 Faventiam,
1871 1346 1954 1380 Ari-

261 1397 368 1452 flssssffi.
452 1403 602 1443 minum,
635 1402 847 1437 Ravennam
876 1403 1109 1438 abstulerunt.
1168 1407 1201 1438 et
1229 1409 1267 1439 ut
1291 1413 1401 1449 reqno
1433 1403 1563 1438 Sicilz‘oe
1585 1404 1810 1449 potirentur,
1849 1402 1950 1448 quin—
1965 1407 1998 1431 20

261 1466 331 1504 que
358 1457 466 1492 urbes
494 1459 530 1492 in
558 1459 682 1504 Apulis
712 1469 756 1493 ac
787 1458 978 1494 Salentinis
1005 1462 1040 1494 in
1069 1459 1268 1495 Laboribus
1297 1459 1435 1505 Requm
1456 1460 1777 1505 Neapolitanorum
1802 1459 1955 1493 interce-

259 1518 409 1559 perunt,
440 1514 532 1548 inter
556 1524 647 1560 quas
674 1515 902 1561 Hydruntem
932 1520 964 1550 et
984 1516 1243 1560 Brundusium,
1270 1520 1380 1561 portu
1408 1516 1646 1552 celeberrimo.
1707 1515 1755 1549 Et
1779 1526 1851 1560 qua
1880 1517 1960 1548 arte

262 1579 326 1604 eimv
350 1569 351 1577 ¹
383 1569 506 1604 Pisam
536 1575 814 1616 usurpaverunt,
847 1577 884 1606 ut
907 1582 977 1617 per
1006 1582 1085 1607 eam
1115 1573 1267 1607 alterum
1289 1572 1405 1606 Italice
1434 1573 1539 1615 latus,
1565 1572 1678 1618 inferi
1706 1572 1829 1613 maris,
1858 1568 1956 1616 affli—

259 1630 403 1672 9erent‚·
427 1626 646 1661 Florentiam
673 1629 847 1672 paulatim
878 1632 1072 1662 attererent
1082 1644 1093 1668 ,·
1127 1628 1287 1663 Genuam
1319 1628 1368 1662 ad
1385 1630 1526 1673 primos
1553 1632 1667 1662 motus
1697 1639 1775 1662 cum
1804 1637 1879 1662 una
1909 1635 1958 1660 ece

260 1682 476 1728 factionibus
495 1683 784 1728 inqrederentur,
807 1685 977 1727 Siciliam,
1004 1684 1197 1727 Corsicam,
1223 1684 1446 1727 Sardiniam,
1471 1685 1658 1725 Baleares,
1682 1683 1955 1718 Narbonensem
1968 1693 2001 1717 25

257 1739 494 1784 provinciam,
517 1741 633 1773 omnia
664 1741 780 1774 littora
800 1740 993 1785 Hispanice.
1013 1741 1062 1775 ad
1081 1741 1303 1776 Herculeum
1322 1740 1458 1786 fretum
1479 1750 1590 1786 usque
1612 1740 1785 1774 classibus
1800 1748 1958 1784 percur-

263 1799 395 1833 rerent,
424 1794 634 1840 fatiqarent,
666 1796 891 1841 infestarent,
922 1796 1146 1843 affliqerent!
1175 1797 1276 1832 Prole
1307 1798 1394 1832 deus
1415 1797 1643 1831 immortalis!
1667 1807 1750 1842 quce
1771 1794 1958 1840 Carybdis,

261 1852 323 1897 qui
354 1849 519 1885 Oceanus
548 1856 618 1885 tam
645 1863 762 1887 vorax
791 1864 949 1898 unquam
975 1853 1050 1899 fuit
1077 1855 1141 1899 qui
1176 1858 1223 1888 tot
1258 1858 1290 1888 et
1326 1858 1424 1888 tanta
1463 1857 1534 1886 tam
1557 1863 1677 1898 parvo
1707 1857 1864 1896 tempore
1897 1851 1959 1884 de-

262 1917 425 1953 merqere
455 1918 499 1941 ac
529 1904 708 1952 deqlutire'
725 1911 906 1953 potuerit?
946 1909 1016 1944 Via:
1043 1909 1130 1944 bene
1158 1913 1241 1944 sunt
1270 1913 1410 1944 centum
1439 1910 1529 1943 caini
1555 1908 1679 1954 quibus
1709 1918 1727 1943 e
1751 1909 1825 1942 suis
1849 1907 1958 1953 palu—

263 1963 364 1998 dibus
398 1964 434 1997 in
462 1964 694 1998 continentem
722 1966 859 2010 eqressi
883 1969 983 2007 sunt,
1026 1971 1058 2000 et
1091 1967 1192 2011 lonqe
1217 1966 1330 2010 plura
1359 1967 1436 2000 suis
1457 1966 1653 2010 prcestiqiis
1682 1975 1726 1999 ae
1754 1963 1956 2010 sycophan-
1972 1971 2006 1997 30

262 2020 316 2053 tiis
347 2019 713 2065 circumscripserzmt
742 2032 848 2066 quam
876 2021 1034 2056 Romani
1058 2023 1218 2057 ducentis
1247 2024 1352 2056 annis
1382 2023 1495 2055 armis
1520 2021 1795 2056 debellaverunt.
1848 2019 1960 2065 Capta

262 2080 381 2110 aulem
412 2074 521 2109 Italia
554 2077 690 2120 putatis
725 2078 802 2112 illos
838 2079 1045 2123 quieturos?
1088 2089 1172 2112 num
1209 2078 1352 2112 creditis
1387 2078 1466 2112 illos
1499 2079 1617 2111 animo
1657 2082 1766 2123 atque
1801 2075 1960 2121 superba
2009 2114 2013 2117 ,

262 2137 374 2166 mente
406 2133 471 2166 iam
502 2132 562 2166 diu
591 2134 745 2178 aqitasse
765 2134 1063 2178 quemadmodum
1088 2135 1199 2180 Alpes
1219 2134 1527 2175 transcenderent,
1559 2138 1597 2167 ut
1615 2133 1830 2174 Danubium,
1860 2131 1960 2166 Rhe-

262 2200 363 2230 num,
396 2187 622 2234 Sequanam,
656 2189 895 2232 Rhodanum,
941 2190 972 2224 T
971 2202 1094 2236 aqum,
1130 2191 1304 2225 Hiberum
1328 2190 1497 2236 pontibus
1525 2191 1731 2235 iunqerent,
1771 2193 1803 2223 et
1830 2187 1899 2222 kas
1923 2188 1961 2222 in

257 2245 466 2289 provincias
498 2245 668 2279 redactas
692 2246 909 2280 exercitibus
934 2248 1128 2291 firmarent
1137 2250 1153 2281 7
1499 2239 1504 2243 ’
1972 2251 2004 2276 35

261 2298 394 2341 Epulum-l
512 2300 632 2335 Nescit
661 2306 772 2346 pater
802 2302 965 2347 familias
1002 2303 1099 2338 dives
1132 2304 1230 2337 intra
1268 2302 1435 2337 molestice
1471 2310 1511 2335 se
1547 2302 1715 2336 terminos
1758 2301 1960 2335 continere.-

261 2367 348 2403 qens
378 2359 487 2403 iqitur
516 2359 550 2391 in
582 2357 756 2392 domicilio
785 2359 966 2403 superbice
997 2364 1104 2401 nata,
1143 2369 1224 2405 quie
1261 2357 1496 2404 omnifariam
1535 2367 1660 2392 rerum
1701 2357 1805 2402 copia
1830 2365 1960 2402 super-

262 2413 422 2448 abundat
458 2418 490 2447 et
525 2414 744 2449 multitudine
787 2418 1025 2460 tyrannorum
1065 2419 1134 2450 tota
1163 2419 1292 2457 scatet,
1330 2414 1490 2449 homines
1525 2423 1543 2447 e
1579 2414 1773 2448 colluvione
1803 2416 1836 2447 et
1866 2411 1962 2458 foece

259 2471 413 2516 qentium
444 2470 479 2503 in
517 2470 689 2504 Veneticis
712 2471 910 2515 paludibus
939 2473 1162 2517 conqreqati,
1192 2472 1336 2516 piscatu
1358 2472 1521 2516 primum
1552 2471 1721 2511 viventes,
1760 2469 1886 2503 deinde
1915 2478 1964 2502 ex

254 2525 497 2572 piscatoribus
527 2528 703 2561 institores
733 2531 837 2573 atque
866 2528 1147 2569 naviculatores,
1187 2537 1235 2561 ese
1264 2527 1318 2561 liis
1348 2531 1586 2569 mercatores,
1622 2536 1670 2560 ea·
1697 2524 1959 2560 mercatoribus
1972 2531 2008 2556 40

263 2648 427 2689 signibus
461 2650 588 2679 exutus
621 2647 842 2688 barbamque
880 2650 915 2678 et
952 2647 1103 2688 capillos
1140 2647 1310 2678 detonsus
1348 2651 1476 2678 octavo
1514 2646 1570 2677 sui
1605 2645 1833 2687 principatus
1871 2654 1963 2676 anno

264 2702 370 2746 [837.]
400 2706 453 2735 est
479 2703 637 2735 Gradum
662 2703 865 2745 relegatus,
901 2703 962 2734 ubi
993 2704 1109 2735 sacris
1140 2704 1307 2734 initiatus
1338 2704 1450 2734 vitam
1475 2705 1602 2744 postea
1629 2712 1708 2733 eum
1732 2704 1844 2732 morte
1870 2711 1964 2732 com-

262 2760 449 2791 mutavit”.
492 2759 647 2791 Sabellz'c.
667 2759 747 2790 dee.
766 2760 793 2790 Ι.
813 2759 876 2791 lib.
896 2759 926 2792 3.
1022 2758 1031 2778 ¹
1057 2759 1243 2790 dimmidia
1269 2761 1298 2789 1.
1391 2757 1403 2778 ²
1435 2759 1489 2789 De
1515 2758 1585 2789 XII
1610 2757 1798 2789 canonicis
1832 2756 1880 2788 cf.
1899 2756 1962 2787 Sa-

262 2816 365 2847 bellic.
392 2816 469 2847 dee.
498 2817 524 2847 Ι.
551 2815 614 2846 lib.
635 2816 664 2846 7.
693 2816 739 2847 ad
765 2827 848 2847 ann.
871 2815 966 2848 1162.
994 2825 1073 2847 cum
1099 2815 1175 2846 dec.
1204 2815 1230 2845 Ι.
1256 2814 1319 2845 lib.
1339 2815 1369 2845 2.
1399 2814 1443 2845 ad
1470 2824 1502 2845 a.
1520 2812 1596 2845 830.
1689 2811 1703 2832 ‘²
1733 2812 1906 2843 memoria
1932 2813 1964 2843 1.

263 2872 275 2891 ‘³
300 2872 376 2903 Rex
400 2870 509 2914 Ung.]
544 2882 615 2903 non
646 2882 755 2911 unus,
790 2872 853 2904 sed
884 2872 967 2902 inde
1001 2882 1022 2902 a
1048 2871 1270 2903 Colomanno
1297 2870 1489 2911 (a.1115.)
1522 2869 1642 2908 multi,
1674 2868 1828 2900 maxime
1854 2867 1965 2909 Sigis-

264 2928 414 2959 mundus
441 2938 471 2958 a.
495 2927 590 2959 1418.
609 2938 685 2970 sqq.
758 2928 784 2947 ¹⁰
810 2928 1062 2960 Cartarienses
1088 2929 1160 2958 1.2.
1189 2926 1426 2958 Cattarenses
1450 2925 1657 2957 Dalmatiae.
1735 2922 1843 2965 ScaL]
1870 2923 1964 2955 Isola

262 2994 383 3025 ‚qi-ossa
408 2994 435 3015 s.
456 2987 554 3025 tonya
580 2994 607 3015 s.
628 2985 663 3015 di
685 2986 754 3015 sale
782 2994 838 3025 ap.
857 2983 1034 3015 Iaderam.
1121 2982 1148 3001 ¹⁷
1173 2983 1248 3013 Rex
1274 2983 1513 3014 Romanorum
1545 2984 1688 3012 creatus
1721 2983 1775 3012 est
1798 2980 1962 3011 Maximi-

267 3040 385 3071 lianus
411 3039 443 3070 d.
466 3039 514 3071 16.
534 3039 643 3070 Febr.
668 3038 762 3070 1496.
854 3038 881 3059 ²¹
918 3040 954 3070 in
977 3036 1197 3080 Laboribus]
1231 3043 1325 3069 terra
1357 3040 1392 3069 di
1421 3041 1545 3070 lavoro.
1639 3034 1668 3055 ³4
1698 3036 1862 3077 Thagum
1888 3037 1964 3068 1.2.

268 3095 400 3136 hybeR)
420 3097 448 3125 1.
469 3094 682 3134 hyberorum
702 3096 735 3125 2.
763 3094 900 3136 (Ebro.)
