2081 3517
1000 503 1238 541 PROLOGVS.

356 604 471 634 Erunt
497 604 555 643 qui
588 612 667 633 cum
693 600 1006 632 Exclamationem
1038 603 1074 633 in
1100 602 1381 644 Pepericornum
1408 612 1488 633 cum
1512 602 1742 644 Panegyrico
1767 604 1806 634 in
1829 589 1974 636 laudem

265 659 405 690 Alberti
430 669 501 689 una
527 658 629 698 quasi
654 666 761 687 manu
786 660 992 697 porrectam
1017 659 1266 699 conspicient,
1299 658 1501 689 infacetum
1534 658 1714 690 hominem
1747 659 1873 691 dicant
1898 660 1972 691 edi-

264 719 396 752 torem,
429 715 487 745 cui
518 724 561 744 ne
595 724 613 744 e
646 723 682 743 re
716 712 858 752 quidem
892 723 971 744 esse
1003 714 1147 745 videtur
1178 715 1356 746 rationem
1389 714 1658 746 coniunctionis
1682 714 1781 747 illius
1805 716 1967 755 reddere,

267 781 372 813 quam
398 770 457 811 qui
483 773 671 809 utrumque
700 778 846 799 carmen
870 768 1043 810 legerint,
1070 771 1148 802 sine
1174 772 1374 811 interprete
1401 774 1642 812 cognoscent;
1669 771 1729 812 qui
1755 774 1875 803 autem
1899 782 1970 803 non

265 827 407 867 legent,
441 825 550 856 inulto
583 825 698 855 minus
724 824 819 855 hane
845 824 1101 865 praefationem
1127 826 1336 867 inspicient.
1388 825 1556 857 Ceterum
1590 827 1756 868 equidem
1787 827 1884 859 hanc
1907 838 1971 869 pu-

265 882 332 913 tidi
358 882 511 912 fanatici
539 880 611 911 odii
637 879 783 921 plenam
810 878 1115 912 eXclamationem
1141 881 1296 913 (Ibidem
1322 875 1570 920 christianum,
1599 883 1704 914 immo
1723 882 1970 914 antichristia-

266 948 349 968 num
374 936 540 976 dixerim)
569 935 613 966 ab
639 935 818 975 Hutteno,
852 939 927 967 tum
961 938 1117 978 quinque
1149 941 1186 968 et
1215 937 1349 978 viginti
1381 938 1486 968 annis
1517 938 1672 977 maiore,
1709 938 1870 980 alioquin
1901 949 1969 971 nec

267 993 520 1035 superstitioso
546 1002 613 1022 nec
639 991 834 1023 inhumano
858 992 1000 1030 iuvene,
1027 993 1134 1034 longe
1160 991 1283 1023 malim
1300 1002 1371 1024 non
1390 993 1616 1034 conpositam
1635 1003 1727 1032 esse,
1754 994 1866 1026 multo
1884 1005 1970 1026 vero

266 1049 383 1089 magis
410 1048 552 1089 cupiam
580 1058 658 1079 eum
685 1058 705 1078 a
733 1048 864 1079 ceteris
890 1048 1054 1080 omnibus
1079 1048 1248 1080 nefandae
1273 1048 1472 1090 punitionis
1497 1048 1661 1090 partibus
1687 1049 1829 1081 absolvi
1852 1060 1970 1091 posse.

266 1103 457 1143 Libellum,
484 1105 515 1134 si
540 1114 604 1145 per
629 1104 799 1144 temporis
825 1104 1005 1135 rationem
1030 1104 1212 1143 licuisset,
1241 1105 1344 1145 quasi
1368 1104 1502 1136 malam
1528 1105 1800 1136 adnotationem
1826 1105 1871 1137 ad
1894 1106 1970 1147 pul-

267 1160 342 1191 chri
367 1160 589 1201 Panegyrici
614 1159 746 1191 malam
771 1164 914 1202 partem
939 1170 1018 1201 quae
1044 1160 1087 1192 de
1113 1161 1359 1202 Pepericorno
1386 1161 1480 1202 agit,
1514 1161 1727 1202 posuissem.
1776 1162 1831 1193 De
1857 1162 1971 1203 primo

267 1217 343 1246 cius
370 1215 532 1257 exemplo
559 1214 692 1255 (Indic.
711 1215 881 1258 bibliogr.
903 1217 1006 1248 Hutt.
1026 1227 1059 1247 n.
1081 1217 1144 1248 IX.
1165 1215 1220 1256 1.),
1249 1216 1341 1257 quod
1366 1217 1522 1248 nondum
1547 1217 1670 1248 videre
1697 1218 1786 1249 mihi
1803 1219 1970 1261 contigit,

266 1272 488 1312 cognomInis
519 1272 676 1303 Ioannes
716 1271 966 1311 Pfefferkorn,
1010 1272 1258 1311 Coloniensis,
1300 1273 1338 1303 in
1379 1282 1483 1313 quem
1522 1273 1723 1304 Huttenum
1764 1274 1968 1316 (Triumph.

264 1327 452 1359 Reuchlin.
471 1338 526 1359 vv.
546 1326 622 1359 688.
642 1328 734 1369 sqq.)
766 1328 905 1369 pariter
937 1329 1178 1360 acerbitatem
1212 1338 1314 1359 suam
1346 1330 1458 1359 etiam
1482 1328 1579 1360 ultra
1605 1339 1711 1370 quam
1737 1330 1830 1371 quod
1854 1331 1972 1372 poetis

264 1383 372 1423 licct,
408 1383 550 1421 effudit,
586 1384 622 1414 in
654 1384 744 1415 libro
772 1384 816 1415 ab
844 1384 970 1416 eodem
994 1385 1156 1416 Hutteno
1183 1384 1301 1416 altera
1331 1387 1435 1426 parte
1460 1385 1706 1426 Epistolarum
1739 1386 1859 1417 obsce.
1885 1386 1969 1417 virr.

264 1440 396 1480 saepius
423 1443 566 1480 carpto,
601 1440 703 1471 cuius
736 1450 783 1471 an
813 1443 946 1481 praeter
979 1440 1164 1482 exemplar
1193 1451 1307 1482 nuper
1337 1451 1455 1472 meum
1481 1441 1619 1472 factum
1645 1441 1743 1473 aliud
1766 1452 1838 1473 11011
1872 1445 1972 1473 extet

264 1496 400 1534 nescio,
421 1494 571 1528 Colonia
590 1494 709 1535 ἓηησ.
728 1494 853 1534 urg-rui.
873 1495 909 1538 [i.
930 1507 961 1528 e.
982 1495 1093 1538 1516]
1115 1500 1150 1528 et
1176 1497 1313 1538 scripto
1333 1502 1368 1529 et
1387 1497 1483 1529 edito
1510 1498 1606 1536 (nam
1626 1497 1686 1538 qui
1702 1498 1838 1539 primus
1855 1508 1971 1530 meum

266 1550 465 1592 exemplum
497 1551 676 1593 possedit,
711 1552 744 1582 ei
777 1562 815 1583 se
843 1563 874 1583 a.
896 1551 993 1583 1516.
1021 1562 1241 1594 conparasse
1267 1553 1488 1594 inscripsit),
1521 1553 1708 1594 quadratae
1741 1554 1883 1593 formae,
1917 1555 1971 1586 sic

262 1608 438 1648 inscripto
471 1607 621 1647 {infensio
653 1606 780 1646 &minis
808 1605 813 1648 1
840 1608 1047 1649 ἷὶευετίςσὶηὶ
1066 1636 1072 1642 .
1093 1610 1182 1642 tfitru
1220 1609 1363 1648 fumosus
1397 1619 1407 1642 2
1434 1609 1635 1642 criminales
1665 1609 1825 1649 ubsturnzf
1869 1610 1972 1646 uirw

262 1664 362 1702 rpl'us
388 1668 420 1693 et
437 1674 463 1693 e.
490 1674 572 1704 pag.
593 1663 702 1704 gilii?
728 1664 823 1695 hanc
856 1665 1127 1696 memorabilem
1158 1669 1300 1703 notam,
1335 1665 1499 1696 omnibus
1526 1666 1585 1706 qui
1611 1664 1727 1696 adhuc
1753 1666 1797 1697 de
1829 1665 1885 1697 his
1917 1676 1971 1697 re—

264 1719 329 1749 bus
367 1719 592 1759 scripserunt
618 1720 798 1761 ignotam,
833 1720 998 1761 reliquit:
1027 1717 1203 1761 ,ΞηψὶεῘῘιιε
1228 1721 1294 1754 ι’ῖὶιῐ
1317 1722 1357 1760 cst
1383 1719 1541 1761 fflogfitie
1567 1720 1667 1753 libello
1692 1728 1761 1767 ‘Jttu
1787 1721 1971 1763 mulefittss.

263 1781 393 1807 nurture
417 1773 526 1807 turico
551 1777 684 1815 butum
712 1777 784 1816 igne
807 1777 935 1815 crusni.
955 1776 989 1808 in
1015 1777 1086 1810 cuiq
1108 1777 1217 1818 fifutfie
1242 1785 1252 1808 2
1278 1777 1358 1817 mibi
1384 1786 1395 1809 2
1420 1776 1561 1817 musupie
1587 1786 1652 1809 mre
1676 1778 1843 1810 immerito
1868 1780 1972 1811 mate-

260 1828 360 1863 ῖιίεἰῐ.
384 1828 493 1863 Quum
518 1829 580 1864 mit
602 1833 640 1870 tn
665 1831 808 1872 qumsuui
831 1835 991 1873 pznbhulnz
1017 1833 1130 1873 ustura
1157 1832 1303 1872 rfiiunnzv
1328 1832 1451 1865 leuitas
1471 1859 1477 1864 .
1498 1833 1604 1874 161an
1628 1836 1793 1874 nztbobure
1815 1833 1894 1873 finci
1918 1839 1973 1867 1¹2-

263 1886 396 1927 flrurniz
422 1887 555 1919 ulmaria
574 1913 580 1919 .
600 1889 647 1920 τέ.
697 1888 834 1920 Vereor
860 1888 1027 1930 equidem
1053 1888 1157 1929 (nam
1184 1890 1230 1920 cf.
1250 1889 1319 1921 vol.
1340 1890 1367 1920 Ι.
1386 1900 1419 1930 p.
1440 1888 1493 1919 32.
1515 1900 1565 1930 sq.
1585 1899 1679 1920 num.
1699 1889 1802 1929 XX.)
1835 1900 1880 1921 ne
1911 1900 1971 1922 ve-

263 1953 338 1973 rum
365 1943 428 1980 sit,
462 1942 643 1983 Hutteno,
679 1944 709 1974 si
742 1954 814 1975 non
841 1945 1027 1985 ‘auctore'‚
1053 1948 1177 1977 tamen
1205 1946 1407 1977 ‘adsessore
1434 1945 1565 1976 iudice'
1599 1945 1645 1976 ad
1678 1946 1799 1986 ignem
1824 1946 1972 1977 damna-

262 2001 336 2029 tum
369 2002 475 2039 atque
508 1997 570 2030 ‘1115
601 1999 656 2031 ein
688 1999 844 2039 frummer
869 1999 982 2040 (Cipist'
1022 2005 1186 2033 exustum
1219 2011 1299 2033 esse
1331 2001 1543 2032 furciferum
1574 2001 1747 2033 Iudaeum.
1799 2005 1970 2042 ceterum,

260 2058 299 2085 ut
332 2054 408 2085 alia
438 2053 543 2085 huius
577 2057 750 2096 temporis
782 2056 826 2087 de
852 2056 1069 2088 Christianis
1102 2058 1224 2099 pueris
1257 2067 1277 2088 a
1308 2057 1441 2089 Iudaeis
1472 2057 1646 2089 sacrificii
1679 2067 1791 2089 causa
1822 2057 1973 2090 laniatis

261 2111 393 2142 tetrica
419 2111 581 2142 carmina
607 2113 908 2153 narrationesque
933 2117 1168 2154 praeteream,
1202 2113 1392 2145 Trebelius
1425 2123 1564 2155 quoque
1590 2114 1785 2153 Notianus,
1817 2114 1974 2145 Hutteni

261 2166 347 2197 olim
371 2170 585 2208 przeceptor,
615 2178 706 2199 anno
729 2167 822 2199 1509.
843 2172 925 2210 post
951 2170 1153 2201 encomium
1178 2170 1362 2201 heroicum
1387 2169 1479 2201 divae
1498 2170 1610 2201 Annae
1637 2169 1802 2201 ediderat
1828 2170 1972 2211 ‘Pyram

259 2223 513 2255 Mai-chiticam
540 2223 583 2254 de
609 2224 761 2265 perfidia
786 2225 988 2256 Iudaeorum
1013 2226 1152 2257 Berlini
1179 2229 1418 2257 crematorum
1442 2225 1505 2257 lib.
1523 2225 1564 2256 I.‘
1591 2224 1654 2265 (cf.
1671 2225 1742 2257 vol.
1763 2226 1790 2258 Ι.
1808 2237 1844 2268 p.
1864 2225 1916 2258 16.
1936 2237 1970 2258 v.

260 2280 314 2310 213.
335 2278 418 2320 sq),
446 2289 563 2320 neque
590 2279 783 2311 Reuchlini
809 2277 904 2322 tinsd)
936 2280 1076 2322 missine,
1110 2282 1254 2315 murumb
1275 2282 1328 2314 uie
1352 2280 1440 2320 311υέ
1466 2281 1497 2321 [o
1522 2283 1598 2322 lang
1623 2281 1668 2314 im
1693 2282 1791 2315 eunus
1816 2281 1905 2323 sinn,
1939 2293 1970 2314 a.

263 2335 358 2366 1505.
380 2335 478 2366 edita
505 2335 549 2366 ab
578 2335 710 2376 iniquis
737 2336 779 2367 de
804 2337 933 2368 Iudaeis
960 2338 1156 2376 erroribus,
1187 2348 1273 2378 quos
1299 2337 1548 2369 Christianam
1572 2338 1678 2369 fidem
1706 2347 1785 2369 esse
1810 2341 1885 2369 tum
1909 2349 1971 2380 pu-

260 2392 405 2429 tabant,
439 2394 477 2422 ut
509 2401 603 2422 1111110
628 2396 711 2422 sunt
737 2393 797 2433 qui
821 2396 949 2434 putent
974 2393 1089 2434 multi,
1115 2393 1269 2425 liberam
1295 2404 1376 2425 esse
1403 2397 1559 2425 constat.
1602 2393 1686 2434 quid
1711 2394 1804 2435 quod
1827 2394 1884 2425 his
1909 2405 1972 2426 no-

260 2449 344 2479 stris
383 2447 509 2478 diebus
546 2450 670 2488 turpes
710 2449 800 2479 istas
840 2448 986 2481 fabulas
1024 2450 1173 2491 recoqui
1203 2450 1551 2491 persecutionesque
1583 2450 1751 2482 renovari
1783 2450 1971 2482 audimus?

259 2503 373 2545 ipsius
405 2502 651 2534 Pfefferkorni
683 2503 916 2536 ColonIensis
957 2506 1169 2537 criminibus
1200 2515 1412 2547 responsum
1443 2506 1610 2537 dabimus
1641 2506 1739 2538 infra
1769 2518 1804 2548 p.
1823 2506 1899 2539 351.
1919 2517 1969 2548 sq.

259 2559 386 2590 Taedet
418 2559 461 2589 de
492 2558 548 2589 his
582 2560 784 2591 inmuditiis
814 2561 928 2602 plura.
978 2561 1128 2593 Ioannis
1159 2562 1314 2593 Henrici
1337 2562 1428 2593 Maii
1460 2562 1503 2594 de
1536 2562 1691 2594 Hutteni
1730 2562 1895 2604 epistolis
1927 2562 1971 2594 de

258 2615 526 2647 Pfefferkornio
553 2615 699 2656 scriptis
724 2617 971 2649 narrationem
996 2618 1158 2649 dedimus
1183 2618 1252 2649 vol.
1272 2618 1298 2650 I.
1318 2629 1352 2659 p.
1372 2617 1426 2650 33.
1445 2629 1495 2660 sq.
1515 2629 1610 2650 num.
1629 2619 1725 2651 XXI.

347 2672 474 2712 Longe
501 2670 665 2712 laetiora,
697 2673 826 2714 paucis
851 2673 1042 2714 particulis
1069 2675 1248 2715 exceptis,
1283 2674 1325 2705 de
1352 2676 1574 2716 panegyrico
1600 2676 1637 2706 in
1662 2674 1806 2706 laudem
1830 2674 1973 2706 Alberti

258 2728 462 2770 Moguntiui
485 2727 719 2769 praedicanda
748 2734 879 2768 essent,
906 2730 979 2761 nisi
1004 2740 1083 2761 eum
1108 2735 1189 2771 post
1215 2740 1257 2761 ea
1284 2741 1358 2771 qua:
1383 2731 1696 2772 interpretationis
1723 2741 1834 2762 causa
1861 2731 1972 2762 adno-

260 2785 335 2814 tavi
360 2784 578 2825 praefatione
603 2794 683 2815 mea
708 2795 779 2815 non
805 2795 912 2827 egere
936 2790 1112 2827 putarem.
1146 2786 1188 2817 de
1207 2787 1361 2817 Hutteni
1388 2791 1510 2819 autem
1533 2786 1797 2828 Deploratione
1822 2788 1860 2818 in
1885 2797 1971 2828 gen-

259 2839 334 2870 tilis
365 2840 420 2870 sui
451 2840 638 2871 interitum
670 2851 713 2871 ac
745 2840 787 2871 de
815 2841 1010 2884 Triumpho
1036 2842 1230 2874 Reuchlini
1261 2843 1508 2884 peculiaribus
1539 2843 1817 2884 praefationibus
1848 2843 1970 2875 dicere

259 2896 375 2927 visum
400 2900 467 2928 est.
