2081 3517
309 237 469 258 llVTTENI
490 237 526 258 IN
546 237 803 259 EXCEPTloNl-:M
822 238 1065 259 MOGVNTINAM
1084 237 1242 258 ALBERTI
1264 237 1531 259 PANEGYRICVS.
1672 218 1767 264 399

331 338 405 375 Pro
439 351 551 376 eausa
584 339 724 384 doluit;
758 340 894 390 quodsi
926 340 1120 378 miseratio
1152 338 1317 377 haberet

331 405 410 443 Hac
440 406 478 442 in
510 406 644 445 fraude
678 406 824 449 locum,
857 407 980 456 potuit
1011 406 1070 445 vel
1101 405 1237 444 tollere
1268 418 1421 456 poenam

330 471 397 509 Vel
428 471 549 510 lenire
581 473 709 511 inodo.
758 474 844 517 Dic,
878 486 982 512 nunc
1014 486 1084 512 eur
1117 474 1187 511 ista
1219 485 1378 512 recuses

328 539 422 576 Tan]
454 540 591 577 merito
624 545 803 590 praestata
834 540 926 578 nbi?
958 553 1027 579 eur
1058 540 1244 591 plaudere
1274 539 1429 590 vulgum

246 617 310 642 12115
332 605 378 642 Et
409 605 576 645 clamare
609 612 730 649 vetes,
763 607 916 646 lietosve
947 609 1092 645 inferre
1123 608 1363 657 triumphos?

330 673 404 709 Aut
434 684 535 722 saepe
567 674 636 711 ista
670 674 791 720 seras,
823 678 888 711 aut
918 675 968 712 sis
1000 687 1076 712 non
1109 675 1193 713 talis
1224 679 1397 724 oportet:

331 739 390 777 Sis
421 744 549 778 tamen
582 745 618 777 et
648 752 750 790 saepe
781 741 850 779 ista
883 741 1004 780 seras:
1038 742 1106 779 tibi
1139 743 1306 779 carmina
1339 747 1538 792 promant,

329 807 383 844 Te
416 806 513 845 sesto
545 806 715 845 clamore
747 813 882 846 notent
911 807 1159 858 populusque
1190 813 1417 859 patresque:

330 873 403 919 Qui
434 875 595 918 meruit,
628 874 754 913 bonus
787 879 861 918 est,
896 887 971 913 non
1005 876 1068 925 qui
1100 876 1290 914 detractat
1320 876 1522 915 honorem.

245 952 306 978 1270
325 940 382 978 Tu
414 953 568 991 quoque
601 943 770 980 nativum
802 941 944 980 blando
976 943 1180 981 moderare
1212 944 1384 993 rigorem

329 1008 472 1052 Affatu,
506 1021 712 1059 moresque
745 1014 829 1047 tuos
861 1022 905 1048 ex
939 1014 1113 1060 tempore
1145 1009 1246 1048 dulci

1632 943 1666 964 Ah
1684 943 1770 965 affabi—

1631 972 1709 993 litate.

331 1075 537 1126 Temperie
570 1077 727 1114 misces:
760 1076 851 1114 hinc
882 1078 1045 1122 sactum,
1078 1081 1117 1115 ut
1149 1077 1326 1115 amabilis
1359 1090 1483 1122 esses,

329 1143 456 1192 thue
486 1144 560 1181 tuis
592 1143 744 1181 charus.
778 1143 833 1182 Ne
867 1144 1194 1183 circunstantibus
1226 1145 1342 1182 armis

330 1209 558 1248 Excubiisve
591 1210 749 1255 ducem,
784 1212 903 1255 cives,
938 1211 1133 1250 defendite
1164 1216 1354 1249 vestrum:

1532 1144 1550 1165 A
1563 1145 1636 1169 :gratia
1649 1147 1673 1165 et
1688 1152 1771 1167 amore

1533 1173 1596 1200 apud
1616 1180 1712 1194 ornnes.

248 1288 311 1313 1‘275
333 1277 415 1315 Hoc
447 1277 585 1316 melius
615 1278 814 1328 pra-stabit
844 1290 974 1317 amor:
1008 1279 1092 1328 quis
1123 1278 1299 1316 tenderet
1329 1279 1389 1316 isti

330 1344 490 1383 Insidias
522 1346 673 1383 animo?
705 1350 771 1383 aut
801 1358 885 1396 quse
917 1358 994 1383 non
1027 1346 1099 1383 iam
1132 1347 1307 1394 ingressa
1339 1346 1486 1384 rediret

329 1411 452 1450 Fraus
483 1411 662 1462 perculsa
694 1416 822 1451 retro?
854 1425 967 1450 nemo
999 1417 1056 1450 est
1087 1413 1151 1462 qni
1182 1417 1219 1450 te
1250 1412 1396 1454 oderit,
1431 1425 1585 1457 omnes,

331 1478 377 1515 lli
409 1491 563 1529 quoque
595 1480 680 1529 quis
711 1481 838 1529 gravis
869 1478 931 1517 illa
961 1484 1088 1529 potest
1119 1479 1273 1516 fortuna
1307 1480 1443 1524 fuisse,

329 1545 474 1584 Natura
505 1547 691 1585 suadente
723 1546 865 1589 colunt;
899 1551 936 1584 et
966 1547 997 1584 si
1028 1548 1108 1596 ipse
1139 1547 1336 1596 requiras,

247 1625 312 1649 1250
334 1612 442 1651 Unde
474 1624 566 1651 suus
598 1615 645 1652 sit
676 1615 815 1664 cuique
848 1614 973 1658 favor,
1007 1618 1084 1651 tani
1118 1618 1156 1651 tu
1188 1614 1268 1662 ipse
1302 1614 1458 1658 fereris,

331 1680 454 1726 Quam
486 1681 608 1720 virtus
640 1686 725 1725 tua,
759 1692 873 1719 causa
904 1681 980 1724 1·ei;
1012 1686 1076 1718 tua
1109 1682 1228 1730 gratia
1261 1681 1356 1719 lines

329 1748 537 1798 Expaeiata
568 1759 659 1786 suos
690 1754 861 1787 extrema
894 1760 963 1799 per
995 1749 1121 1786 omnia
1152 1749 1267 1786 venit.

331 1815 428 1853 Huic
458 1814 625 1866 aliquem
656 1821 809 1866 poterat
840 1828 917 1853 non
949 1816 1184 1865 omninoque
1216 1815 1441 1865 pudendum

331 1883 537 1921 Suss'eeisse
568 1882 653 1921 loco
685 1883 864 1926 Rhenus,
899 1887 991 1933 quot
1022 1882 1247 1920 obambulat
1278 1882 1415 1926 urbes,

251 1963 314 1987 1255
337 1951 438 1996 Quot
468 1950 654 2001 populos,
689 1955 725 1988 et
755 1964 795 1989 se
830 1951 950 1987 vicina
983 1962 1003 1988 a
1025 1955 1139 1998 gente
1173 1950 1294 1988 tueri?

333 2018 445 2055 Venit
476 2017 523 2056 ab
556 2023 730 2056 extremo
762 2018 828 2068 qui
861 2021 999 2055 caetera
1030 2018 1201 2055 vinceret
1231 2016 1316 2055 Albi

332 2086 522 2135 Spectata}
554 2086 702 2123 virtutis
733 2085 878 2127 honor;
912 2085 1092 2134 suffragia
1125 2083 1235 2122 solvit

329 2152 528 2202 Ambiguis
561 2157 623 2190 tua
657 2152 753 2190 sama
788 2153 896 2197 viris,
930 2151 1030 2190 fania
1061 2151 1123 2189 illa
1155 2156 1310 2189 tuorum

331 2220 480 2259 Nuncia
511 2232 628 2271 parea
661 2232 845 2270 operum,
880 2231 995 2269 quam
1025 2224 1067 2257 tu
1099 2218 1242 2257 maiora
1276 2218 1436 2257 ferendo

250 2300 317 2325 1290
339 2287 518 2326 Ostendis
557 2299 635 2325 non
668 2300 752 2326 esse
783 2299 917 2338 parem
949 2286 1153 2325 virtutibus
1184 2287 1277 2324 istis.

333 2354 401 2393 Cui
431 2367 508 2392 non
540 2354 640 2393 sama
670 2355 807 2403 ingens
838 2353 1127 2404 multorumque
1158 2365 1225 2391 ora
1258 2353 1432 2392 tulerunt

331 2423 498 2472 Dignum
529 2422 670 2473 aliquid
701 2423 867 2466 meritis,
900 2421 991 2460 huic
1022 2433 1093 2459 nos
1123 2421 1269 2471 {equale
1302 2422 1494 2459 feremus?

332 2488 431 2528 Mole
463 2502 602 2539 gravor
634 2502 845 2540 rerumque
876 2490 1108 2527 immensum
1140 2488 1321 2539 panditur
1353 2500 1505 2538 aequor:

331 2557 494 2595 Centum
526 2557 563 2594 in
594 2561 631 2595 te
661 2556 801 2607 linguis
832 2562 1074 2607 centenoque
1107 2568 1174 2594 ore
1206 2556 1442 2599 sonandum,

248 2637 311 2663 ¹295
332 2624 526 2663 Utendum
557 2624 704 2663 Phoebo
737 2636 901 2674 (ltneque
933 2628 1075 2674 augent
1106 2625 1231 2661 omnia
1265 2623 1403 2666 Musis,

332 2692 623 2741 Innnensasque
654 2692 754 2730 soret
784 2693 884 2729 vires
916 2704 1146 2730 consumere
1178 2691 1348 2739 dignum.

332 2759 444 2798 Nune
473 2759 564 2797 satis
595 2764 652 2797 est
683 2758 827 2797 celebri
859 2760 1075 2798 venientem
1108 2758 1292 2796 inducere
1325 2757 1459 2808 plausu

157 2939 213 2960 ¹²⁶²
237 2935 370 2982 potuit]
398 2940 420 2971 i.
441 2950 471 2970 e.
493 2949 537 2970 ea
564 2938 695 2969 fuisset
721 2938 831 2969 animi
858 2937 1070 2976 elementia,
1098 2941 1136 2967 ut
1161 2936 1310 2968 tolleret
1334 2946 1478 2978 paenam
1501 2937 1569 2968 sive
1595 2938 1625 2968 si
1643 2948 1707 2979 per
1724 2936 1776 2968 iu-

67 2996 205 3027 stitiam
245 2996 430 3034 licuisset,
474 2998 537 3026 aut
576 3005 647 3026 non
690 2997 751 3024 aut
791 2993 907 3025 levius
949 3004 1054 3034 quam
1097 2993 1232 3024 factem
1276 2996 1345 3029 est,

1388 2993 1547 3024 Iudaeum
1583 2994 1775 3034 puniisset.

69 3050 123 3071 1²⁷³
157 3051 477 3083 circumstantibus
504 3053 575 3082 26.
650 3048 705 3069 ¹²⁷⁰
736 3050 759 3080 i.
780 3060 809 3081 e.
837 3060 915 3091 quae
941 3050 1014 3080 iam
1040 3050 1206 3090 ingressa
1232 3059 1301 3079 non
1327 3049 1473 3080 rediret.
1546 3048 1601 3069 ¹²5²
1627 3050 1775 3091 Expati-

68 3111 131 3140 ata
157 3110 186 3140 6.
282 3107 339 3128 ¹²3⁷
364 3105 476 3148 suffr.]
498 3106 545 3138 cf.
567 3106 611 3137 ad
638 3117 669 3138 v.
692 3104 765 3137 1:30.
842 3105 896 3125 ΓΝ)
923 3106 1059 3137 Nuntia
1085 3108 1103 3136 (ἰ
1175 3103 1229 3124 ¹²⁰¹
1257 3108 1461 3146 centenoq33
1488 3108 1519 3137 5.
