2081 3517
907 396 962 431 AD
991 395 1221 432 LECTOREM
1249 396 1414 432 EDITOR.

399 519 604 551 Communis
638 518 714 549 fere
742 526 861 547 corum
889 515 950 556 qui
974 515 1109 547 lessum
1135 516 1272 547 funeris
1299 526 1410 547 causa
1435 515 1575 547 faciunt
1602 520 1637 548 et
1660 516 1814 548 maxime
1841 517 1901 558 qui
1928 527 2013 547 con-

309 575 486 607 solatione
512 574 725 614 solatiisque
751 573 934 603 luctuosos
959 575 1132 612 parentes
1164 571 1387 603 adficiendos
1418 571 1564 603 student
1602 582 1678 604 sors
1713 572 1824 603 fuerit
1849 572 2013 613 quaedam

310 630 635 673 argumentationis
667 628 818 659 ariditas
849 628 1032 658 inmatura
1062 627 1315 669 doloribusque
1347 627 1490 659 acerbis
1516 630 1552 659 et
1576 628 1812 660 interioribus
1839 628 2014 659 auditoris

309 688 420 718 animi
446 685 666 718 cruciatibus
691 694 815 725 parum
842 693 1045 725 congruens
1072 683 1306 725 eloquentiae,
1334 684 1410 715 sive
1436 683 1642 724 loquacitas
1668 695 1712 715 ea
1738 687 1803 723 est,
1832 684 2013 725 gravitas:

309 744 345 773 in
370 743 493 783 primis
520 744 637 772 autem
663 739 812 781 pallium
844 739 1132 781 philosophicum
1165 740 1218 771 015
1251 739 1311 781 (1111
1343 740 1500 770 miseriis
1532 739 1629 770 haud
1660 739 1928 781 reparabilibus
1958 749 2014 770 ur-

309 801 480 839 guentur,
517 796 562 827 ab
604 795 686 827 aliis
730 795 1017 836 superiniectum
1049 795 1221 836 frigidam
1253 795 1379 827 durum
1404 796 1517 827 fatum
1548 795 1707 837 lugentis
1739 795 1852 826 animi
1876 798 2016 827 vestem

310 864 389 884 esse
415 862 535 884 omnes
562 851 803 883 consentiunt.
845 851 958 882 nihilo
983 861 1068 883 vero
1094 851 1210 892 magis
1238 855 1273 881 et
1298 853 1443 883 veteres
1469 854 1505 882 et
1530 851 1752 882 recentiores
1785 851 1830 881 ab
1857 861 1899 882 eo
1925 851 2016 882 vitio

308 910 379 940 sibi
406 919 533 940 cavere
560 907 738 946 videmus,
767 907 875 948 inque
902 907 995 937 idem
1021 910 1180 938 nostrum
1207 916 1346 947 quoque
1373 907 1558 946 incidisse,
1586 907 1646 947 qui
1672 907 1749 948 ipse
1775 906 1930 937 nondum
1957 917 2016 937 ex-

307 965 414 1005 pletis
440 964 532 1005 legis
556 962 738 994 Plaetoriae
765 963 869 994 annis
894 963 1044 993 nimiam
1069 962 1287 1004 sapientiam
1313 962 1586 1003 doctrinamque
1620 962 1803 1002 adhibuit,
1837 962 1939 1003 quasi
1965 962 2016 993 al-

307 1024 422 1051 terum
448 1019 626 1050 Senecam
652 1019 812 1058 audires,
839 1022 879 1049 ut
904 1028 1027 1049 senem
1053 1018 1226 1060 gentilem
1253 1028 1365 1058 suum,
1393 1021 1577 1049 strenuum
1596 1018 1737 1059 quidem
1755 1018 2016 1058 honestumque

308 1076 482 1116 equitem,
516 1074 579 1106 sed
610 1074 733 1105 rudem
766 1085 787 1106 a
819 1074 985 1106 doctrina
1010 1074 1192 1105 hominem
1217 1077 1254 1106 et
1285 1073 1360 1115 (qui
1384 1073 1490 1105 huius
1516 1074 1661 1114 generis
1688 1074 1798 1106 etiam
1824 1077 1897 1104 tum
1924 1084 2018 1105 com-

307 1131 423 1162 munis
449 1140 523 1161 11105
550 1130 643 1169 erat)
671 1131 809 1162 evitato
834 1130 1040 1162 litterarum
1065 1130 1276 1172 ingeniique
1304 1129 1403 1161 cultu
1429 1129 1642 1161 cottidianis
1659 1130 1746 1170 suis,
1773 1129 2018 1161 familiaribus

308 1198 351 1219 ac
377 1186 580 1228 gentiliciis
604 1187 828 1218 utilitatibus
854 1187 1013 1218 deditum
1031 1187 1159 1225 virum,
1186 1186 1229 1217 de
1250 1185 1322 1217 filio
1341 1186 1570 1217 ornatissimo
1589 1185 1784 1217 crudeliter
1800 1186 2018 1227 interempto

307 1253 421 1284 eoque
448 1243 526 1284 ipso
552 1245 714 1284 tempore
740 1243 871 1274 misere
899 1253 941 1274 ex
965 1243 1035 1274 hac
1060 1243 1139 1275 vita
1165 1246 1308 1284 erepto,
1337 1252 1404 1283 quo
1429 1252 1574 1284 prorsus
1599 1241 1831 1283 magnificam
1857 1242 2017 1274 felicita—

307 1304 378 1330 tem
405 1298 598 1330 incohasse
623 1298 741 1330 videri
765 1302 927 1340 poterat,
954 1299 1059 1330 iustis
1084 1298 1250 1330 versibus
1274 1298 1452 1336 heroic1s‚
1486 1298 1652 1329 011111111115
1676 1299 1914 1340 praeceptoris
1938 1297 2016 1329 lau-

308 1356 411 1386 dibus
437 1355 566 1396 dignis,
593 1354 851 1386 consolaretur.
895 1355 984 1394 Quae
1009 1358 1090 1386 utut
1113 1365 1203 1387 vera
1228 1358 1312 1386 sunt
1338 1364 1417 1386 cum
1443 1353 1485 1385 de
1511 1354 1579 1385 hoc
1601 1355 1761 1385 carmine
1780 1357 1855 1386 tum
1873 1354 1916 1385 de
1937 1364 2019 1385 con-

307 1411 483 1442 solatoria
510 1410 665 1452 epistula
692 1410 737 1442 ad
760 1410 947 1452 lugentem
972 1413 1113 1452 patrem
1138 1410 1307 1442 kalendis
1332 1411 1423 1452 Aug.
1444 1421 1476 1442 a.
1499 1409 1594 1442 1515.
1615 1421 1658 1442 ex
1683 1420 1767 1442 arce
1786 1409 2017 1442 Steckelber—

307 1468 369 1508 gia
394 1468 508 1498 missa
534 1466 619 1507 (vol.
639 1467 667 1497 1.
686 1477 720 1508 p.
738 1465 791 1498 46.
810 1477 887 1508 sqq.
906 1477 1000 1498 num.
1019 1467 1200 1507 XXVII.),
1228 1467 1298 1507 ita,
1332 1477 1377 1498 ne
1405 1466 1588 1498 claudicet
1614 1466 1657 1498 de
1682 1466 1739 1497 his
1765 1466 1912 1508 scriptis
1937 1476 2018 1497 sen-

307 1523 442 1563 tentia,
475 1522 646 1554 debemus
670 1532 742 1554 non
768 1522 963 1564 neglegere
990 1522 1083 1564 quod
1108 1523 1186 1564 ipse
1212 1523 1398 1554 Huttenus
1424 1522 1469 1554 ad
1495 1523 1649 1554 amicum
1673 1522 1870 1554 Fuchsium
1895 1521 2018 1564 paullo

308 1582 390 1621 post
415 1579 586 1611 carminis
612 1579 897 1620 conpositionem
922 1579 1121 1620 Moguntiae
1149 1578 1268 1609 idibus
1285 1579 1363 1609 Iun.
1385 1589 1417 1610 a.
1439 1578 1534 1609 1515.
1555 1577 1640 1618 (vol.
1660 1578 1688 1609 I.
1708 1589 1742 1620 p.
1761 1578 1831 1619 41.)
1858 1578 2016 1619 scripsit,

309 1645 401 1676 „nos
428 1646 469 1666 ex
495 1635 616 1666 officio
643 1645 686 1666 ac
711 1635 850 1676 pietate
877 1635 1130 1676 interemptum
1162 1633 1430 1676 deploravimus
1463 1635 1624 1666 carmine
1651 1634 1743 1675 quod
1769 1634 1814 1666 ad
1839 1637 1876 1666 te
1901 1635 2016 1674 mitto,

308 1691 376 1722 tali
394 1691 499 1732 quale
514 1691 745 1722 moestissimo
762 1694 922 1732 tempore
942 1690 1049 1722 condi
1068 1700 1088 1721 a
1106 1701 1161 1722 me
1180 1691 1313 1732 potuit:
1340 1690 1517 1722 debebam
1533 1690 1602 1721 hoc
1620 1690 1762 1721 iuvenis
1779 1690 2018 1721 innocentiae:

308 1748 485 1790 debebam
509 1747 625 1789 patris
651 1747 748 1778 illius
772 1747 958 1778 immensae
985 1757 1072 1787 erga
1098 1756 1153 1777 me
1180 1746 1419 1787 benignitati,
1454 1756 1522 1778 nec
1547 1747 1665 1777 minus
1689 1747 1932 1777 Huttenorum
1957 1755 2018 1776 no-

309 1804 412 1840 mini,
447 1803 549 1834 0111115
579 1806 654 1834 tam
687 1803 842 1844 insignis
871 1803 940 1834 hoc
977 1801 1117 1833 scelere
1145 1805 1372 1843 contemptus
1399 1805 1453 1833 est
1478 1802 1692 1843 quaesitus”.
1741 1801 1876 1833 similia
1908 1801 2020 1833 etiam

309 1860 432 1891 statim
457 1862 496 1890 ut
521 1858 737 1890 horrendum
762 1860 926 1889 nuntium
952 1858 1091 1889 diutino
1116 1858 1239 1890 morbo
1272 1857 1443 1889 laborans
1468 1858 1654 1890 Huttenus
1685 1858 1723 1889 in
1748 1858 1898 1889 thermis
1922 1857 2019 1888 Emi-

309 1914 477 1946 sensibus
511 1918 727 1956 acceperat,
762 1915 896 1945 litteris
930 1914 975 1945 ad
999 1914 1256 1955 Marquardum
1290 1914 1333 1945 de
1359 1914 1535 1946 Hatstein
1567 1914 1663 1946 datis
1689 1913 1775 1955 (vol.
1793 1914 1821 1946 Ι.
1839 1925 1874 1955 p.
1893 1912 1947 1946 39.
1967 1923 2019 1954 sq.

310 1982 404 2002 num.
423 1969 551 2009 XXV.)
576 1970 834 2001 humanissime
854 1970 1040 2011 professus
1060 1973 1125 2001 est.
1154 1971 1276 2012 itaque
1302 1980 1392 2001 naso
1409 1969 1499 2001 licet
1515 1970 1594 2002 haec
1613 1969 1860 2002 consolatoria
1884 1969 2021 2011 scripta

309 2026 524 2068 suspendas,
550 2026 644 2057 bene
670 2027 837 2057 meritam
863 2027 1032 2068 scriptori
1056 2025 1200 2057 laudem
1224 2036 1295 2057 non
1321 2026 1535 2067 denegabis.

397 2084 453 2114 De
479 2082 629 2123 reliquis
656 2081 701 2113 ad
726 2082 1060 2124 Virtembergensis
1086 2082 1187 2113 ducis
1213 2081 1333 2113 scelus
1359 2082 1614 2124 spectantibus
1639 2083 1806 2124 scriptis,
1833 2092 1912 2124 (111εο
1937 2091 2019 2123 pas-

309 2138 375 2170 sim
406 2140 443 2169 in
475 2137 627 2180 singulis
660 2139 794 2170 nostris
825 2138 1066 2170 Huttenianis
1096 2138 1341 2170 voluminibus
1373 2141 1584 2179 occurrunt,
1622 2138 1728 2169 huius
1759 2138 1831 2170 loci
1863 2149 1935 2170 non
1967 2141 2021 2170 est

309 2205 472 2226 monere:
500 2195 664 2226 carmina
689 2197 831 2225 tantum
857 2194 926 2225 (1110
952 2195 1093 2226 minora
1117 2194 1206 2225 illud
1231 2195 1536 2236 perstringentia,
1565 2204 1713 2235 quorum
1739 2194 1893 2226 alterum
1921 2197 2019 2234 ante,

312 2251 463 2283 alterum
488 2253 569 2292 post
595 2250 790 2282 Orationes
816 2251 853 2281 in
876 2250 1043 2282 Ulricum
1068 2250 1196 2281 ducem
1222 2251 1342 2291 sedet,
1370 2261 1416 2282 ne
1442 2251 1589 2289 iterem,
1617 2250 1841 2290 memorabo,
1868 2250 1893 2281 i.
1914 2261 1944 2282 0.

544 2307 607 2337 AD
633 2306 910 2338 LECTOREM.
937 2305 1133 2346 „Telorum
1157 2308 1285 2338 veniat
1309 2316 1515 2348 quanquam
1541 2306 1577 2337 id
1602 2316 1715 2347 genus
1733 2311 1765 2337 et
1783 2318 1811 2337 c.

309 2363 441 2395 volum.
459 2363 501 2395 V.
520 2373 552 2404 p.
569 2363 601 2393 2.
621 2365 657 2393 et

308 2420 373 2451 AD
400 2418 666 2450 LECTOREM
689 2418 754 2449 DE
781 2418 835 2449 SE
862 2418 924 2449 ET
950 2417 1111 2449 LIBRO.
1138 2418 1244 2457 „Non
1261 2418 1380 2449 odisse
1398 2417 1540 2458 librum,
1560 2421 1663 2460 potes
1681 2417 1776 2450 hunc
1795 2418 1914 2449 odisse
1942 2422 1974 2449 et
1991 2429 2020 2450 c.

311 2474 445 2506 ibidem
471 2485 555 2516 pag.
573 2473 628 2505 96.
648 2473 860 2505 exhibitum.

400 2531 441 2561 In
459 2530 696 2561 adnotatione
715 2530 814 2561 hisce
834 2530 949 2571 signis
966 2539 1050 2561 usus
1069 2540 1163 2561 sum:
1191 2534 1220 2562 1.
1237 2542 1283 2559 z
1299 2530 1417 2561 Indic.
1436 2530 1606 2572 bibliogr.
1625 2531 1729 2562 Hutt.
1747 2541 1842 2562 num.
1862 2530 2018 2562 XXIIII.

316 2588 342 2617 l.
363 2586 391 2618 QZ
460 2589 492 2618 2.
509 2598 555 2613 Ξ
579 2586 667 2617 ibid.
687 2596 783 2618 num.
801 2585 832 2618 3.
905 2588 938 2618 3.
956 2598 1001 2614 z
1018 2586 1103 2617 ibid.
1123 2596 1218 2617 num.
1238 2586 1269 2617 5.
1342 2587 1388 2617 Il.
1408 2599 1452 2613 z
1469 2587 1706 2618 Huttenianae
1733 2587 2019 2625 emendationes,

312 2642 354 2672 de
389 2642 517 2682 quibus
549 2642 622 2672 dixi
657 2642 702 2672 ad
726 2642 862 2674 XXIII.
880 2642 913 2673 5.
946 2659 990 2664 —
1021 2641 1194 2674 Eobanus
1219 2642 1359 2674 Hessus
1386 2643 1478 2683 (Iud.
1498 2643 1588 2675 bibl.
1605 2643 1709 2675 Hutt.
1728 2653 1821 2674 num.
1841 2643 1898 2683 L.)
1924 2642 2020 2673 hanc

312 2697 596 2739 deplorationem
628 2698 765 2733 omisit,
805 2699 927 2739 itaque
961 2699 1072 2730 etiam
1107 2709 1127 2729 a
1161 2698 1315 2730 Grutero
1356 2699 1392 2729 in
1427 2698 1598 2730 ‘Delitias
1629 2702 1726 2740 poet.
1754 2698 1884 2730 Germ.'
1919 2697 2018 2738 (ibid.

312 2764 404 2784 num.
425 2753 494 2794 61.)
520 2764 590 2785 non
614 2758 766 2796 recepta
793 2758 858 2785 est.
