2081 3517
293 222 485 244 PRAEFATIO
503 223 678 244 EDITOBIS
697 223 745 245 AD
764 223 927 246 HVTTENI
946 223 1166 246 TRWMPHVM
1185 223 1367 245 DOCTORIS
1387 224 1603 246 REVCHLINI.
1703 207 1798 251 415

91 335 200 364 mem,
234 334 306 355 non
337 327 478 355 tantum
509 335 655 357 moveor
688 326 912 367 argumentis
946 324 1194 366 singularibus
1227 324 1305 357 sive
1338 325 1410 356 iam
1441 325 1593 367 prolatis
1626 327 1703 359 sive
1740 338 1800 359 no-

91 380 164 419 vis,
198 379 321 420 qualia
356 381 467 411 etiam
494 391 536 411 ex
562 382 608 413 iis
634 381 694 423 qui
720 381 762 412 de
788 381 1043 422 Pepcricornis
1075 381 1244 422 leguntur
1277 383 1312 412 et
1346 391 1389 412 ex
1422 381 1668 422 Epistolarum
1701 383 1742 414 O.
1760 384 1801 415 V.

91 435 182 466 locis
207 436 302 467 inter
326 445 365 467 se
392 436 547 467 conlatis
580 437 655 478 legi
679 440 847 478 possunt,
883 439 1054 478 quantum
1087 447 1150 478 pro
1175 437 1336 468 Hutteno
1369 437 1608 478 pugnantium
1640 439 1801 469 testimo-

92 493 231 522 niorum
255 491 367 523 Hessi
393 491 480 531 (vol.
499 492 528 523 1.
547 503 580 533 p.
599 492 665 524 453
683 493 711 532 ἕ.
730 493 761 526 4.
782 492 857 525 citt.
875 503 908 533 p.
926 492 1003 526 238.
1021 503 1054 525 v.
1076 493 1129 524 24.
1152 503 1230 534 sqq.
1250 496 1286 524 et
1312 493 1348 524 in
1372 493 1498 534 primis
1523 492 1803 534 p.240.n.CV.)‚

92 546 293 578 Camerarii
319 546 401 586 (vol.
421 547 469 578 ΙΙ.
488 558 522 589 p.
541 547 618 579 361.
638 548 705 589 sq.)
734 551 769 580 et
794 548 906 590 ipsius
932 549 1075 580 Erasmi
1108 548 1200 588 (vol.
1218 549 1247 579 Ι.
1267 559 1300 590 p.
1320 548 1397 580 261.
1416 550 1446 588 ξ.
1466 548 1496 580 8.
1516 548 1586 580 vol.
1606 549 1653 580 ΙΙ.
1672 560 1705 590 p.
1725 550 1802 581 274.

94 604 123 641 ξ.
144 602 197 634 71.
212 614 248 644 p.
263 602 338 634 318.
353 604 404 642 ἐξ.
423 602 500 635 376.
517 604 609 645 sqq.)
629 605 759 635 maiori
776 604 934 645 pondere
955 607 991 635 et
1009 605 1195 636 evidentia
1213 604 1334 644 (taceo
1353 604 1396 636 de
1414 604 1578 636 Miinchii
1594 605 1802 636 narratione

92 659 209 700 ipsum
233 658 422 690 Ulrichum
446 659 645 690 Huttenum
672 670 736 701 pro
762 659 881 690 deleto
906 659 1112 691 Eleutherii
1137 661 1274 701 Byzeni
1298 661 1441 692 nomine
1466 671 1590 692 verum
1615 671 1716 691 suum
1741 671 1801 692 110-

93 724 173 745 111611
200 714 399 756 exemplari
430 715 574 746 cuidam
605 715 856 756 inscripsisse,
889 715 933 746 (16
966 726 1036 757 qua
1066 716 1149 748 vide
1175 716 1245 748 vol.
1264 717 1291 748 Ι.
1310 728 1344 758 p.
1364 715 1440 748 236.
1460 720 1532 748 not.
1553 716 1598 748 ad
1623 727 1656 748 v.
1676 716 1723 756 3.)
1751 720 1803 748 at-

93 780 160 811 que
186 770 347 801 universi
375 771 546 803 carminis
572 771 822 812 conpositione
848 772 1075 813 partiumque
1102 772 1222 804 colore
1249 783 1292 804 ac
1317 773 1435 804 tinctu
1461 783 1540 804 cum
1566 773 1649 804 aliis
1674 773 1803 804 Hutte-

93 826 214 857 nianis
239 827 383 868 scriptis
411 826 462 865 (et
486 827 642 859 maxime
675 827 722 859 iis
757 837 835 868 quae
867 826 936 858 hac
969 831 1073 869 parte
1108 828 1316 859 exhibemus
1351 828 1589 860 adnumerata
1619 839 1683 870 pro
1710 828 1803 869 Cap-

93 883 200 913 nione
227 882 504 923 intercessione)
532 883 659 914 mirum
692 883 729 914 in
760 883 903 914 modum
936 884 1256 924 convenientibus,
1292 884 1373 915 dum
1408 887 1535 916 eontra
1559 884 1803 916 Buschianum

93 937 215 969 stilum
241 948 311 969 non
336 938 451 970 solum
476 949 548 971 non
574 939 704 981 prodat
728 939 786 971 hic
812 939 1048 981 Triumphus,
1075 940 1140 972 sed
1164 949 1292 972 versus
1317 939 1507 973 578...581.
1525 940 1721 971 Buschium
1746 951 1806 971 116-

95 1004 161 1035 (1116
189 998 374 1025 auctorem
400 1005 516 1036 neque
544 996 682 1027 socium
709 1005 788 1027 esse
815 996 906 1027 satis
933 999 1060 1037 aperte
1095 996 1308 1027 ostendant:
1344 995 1434 1026 nihil
1467 997 1504 1027 in
1536 999 1613 1027 toto
1646 997 1803 1028 carmine

93 1050 199 1081 video
234 1051 328 1091 quod
352 1052 508 1083 Hutteni
541 1062 620 1083 esse
652 1061 724 1083 non
756 1052 889 1093 possit,
925 1051 1038 1083 multa
1069 1061 1154 1083 vero
1187 1062 1266 1093 quae
1298 1055 1430 1093 praeter
1454 1052 1654 1083 Huttenum
1686 1052 1805 1083 nullus

94 1107 147 1137 ita
172 1107 378 1148 scripserit;
411 1118 494 1139 nam
525 1118 604 1149 quae
637 1108 679 1139 de
712 1108 870 1147 mendis,
906 1108 1060 1139 maxime
1093 1107 1336 1149 prosodiacis,
1377 1109 1495 1148 questi
1527 1112 1609 1139 sunt
1633 1108 1805 1139 Eobanus

93 1163 250 1203 Hessus,
285 1163 484 1204 Christius,
519 1163 742 1204 Straussius,
769 1174 840 1194 non
866 1167 939 1195 tam
964 1164 1136 1203 Hutteni,
1163 1174 1231 1195 nec
1256 1163 1563 1205 typographorum
1588 1165 1805 1206 Hagenoen—

96 1219 186 1249 sium
221 1228 327 1260 quam
360 1219 474 1260 ipsius
500 1219 610 1251 Hessi
635 1220 882 1262 neglegentiae
910 1219 1153 1252 adscribenda
1177 1229 1256 1252 esse
1279 1219 1390 1252 facile
1416 1220 1550 1252 viderit
1575 1221 1636 1262 qui
1663 1221 1805 1252 crimini

97 1275 182 1306 data
207 1274 321 1306 verba
348 1285 365 1305 6
393 1277 518 1306 nostra
545 1276 705 1308 editione
733 1276 938 1308 contulerit.
986 1276 1034 1307 At
1065 1276 1198 1316 siquis,
1233 1275 1326 1317 quod
1350 1276 1577 1308 verissimum
1604 1280 1668 1316 est,
1696 1288 1805 1318 oppo-

95 1334 176 1370 nat,
216 1330 417 1361 Huttenum
450 1341 515 1363 sua
548 1332 625 1362 sine
659 1342 722 1364 suo
755 1332 899 1363 nominc
934 1335 996 1363 aut
1029 1332 1113 1363 ficto
1139 1332 1283 1363 nomine
1319 1332 1503 1373 adscripto
1530 1331 1636 1364 edere
1663 1333 1805 1364 solitum

96 1397 168 1418 non
195 1386 326 1425 fuisse,
359 1387 429 1418 hac
455 1387 699 1428 replicatione
726 1389 881 1419 intentio
907 1391 1031 1419 nostra
1057 1387 1204 1419 defendi
1230 1388 1380 1429 poterit,
1409 1398 1429 1418 a
1455 1388 1710 1430 typographis,
1736 1399 1806 1420 11011

97 1443 140 1474 ab
174 1443 252 1483 ipso
284 1443 447 1475 Hutteno
481 1444 678 1475 editionem
711 1447 876 1475 curatam
908 1453 987 1475 esse
1021 1443 1105 1483 (vol.
1131 1444 1158 1476 Ι.
1185 1454 1219 1484 p.
1248 1442 1321 1475 135.
1347 1454 1379 1475 v.
1407 1442 1440 1474 9.
1458 1455 1492 1485 p.
1511 1443 1587 1475 248.
1607 1446 1637 1483 ξ.
1657 1444 1688 1475 ὃ.
1710 1445 1756 1476 cf.
1775 1456 1806 1486 p.

100 1498 171 1530 130.
190 1500 220 1537 ξ.
240 1498 309 1539 3.),
343 1502 436 1533 1111(16
471 1500 581 1531 etiam
609 1500 747 1532 factum
774 1503 848 1540 est,
883 1502 922 1530 111
947 1510 1018 1530 11011
1043 1499 1132 1530 nulli
1158 1499 1252 1530 naevi
1277 1502 1526 1539 remanerent,
1562 1510 1649 1541 quos
1675 1500 1704 1530 si
1730 1501 1807 1542 ipse

99 1558 225 1586 auctor
263 1565 467 1596 supremam
508 1557 608 1597 operi
648 1566 792 1588 manum
833 1556 1073 1597 inposuisset,
1120 1555 1238 1586 obiter
1269 1555 1447 1586 tondisset
1486 1555 1555 1595 (cf.
1580 1556 1686 1587 Hess.
1714 1556 1736 1586 l.
1764 1567 1807 1595 c.,

99 1611 171 1643 vol.
191 1611 220 1642 I.
240 1621 275 1642 11.
296 1611 396 1651 CV).
438 1615 513 1643 tum
545 1613 615 1643 etsi
640 1611 785 1644 volente
813 1615 961 1643 auctore
987 1611 1222 1652 Triumphum
1256 1611 1481 1652 publicatum
1508 1622 1587 1643 esse
1614 1611 1807 1653 fictumque

96 1667 298 1698 Eleutherii
316 1668 454 1708 Byzeni
475 1678 516 1699 ex
535 1668 698 1699 Zenobio
717 1668 964 1710 depromptum
991 1677 1120 1699 nomen
1147 1665 1256 1708 (quod
1275 1677 1354 1698 eum
1373 1667 1509 1699 fefellit
1534 1668 1593 1708 qui
1613 1667 1810 1710 Capnionis

97 1723 309 1755 defensores
334 1723 405 1756 vol.
424 1725 450 1755 Ι.
471 1734 567 1755 1111111.
586 1724 803 1756 XXXXVII.
825 1724 1072 1765 enumeravit,
1098 1726 1138 1754 ut
1163 1722 1380 1754 Hulderichi
1406 1723 1449 1754 dc
1476 1724 1615 1754 Hutten
1642 1727 1677 1754 et
1701 1724 1807 1755 Eleu-

97 1779 206 1810 therii
237 1780 393 1820 Byzeni,
421 1780 481 1821 qui
511 1780 748 1821 Triumphum
779 1781 817 1812 in
850 1780 1049 1822 Capnionis
1074 1780 1266 1812 victoriam
1292 1780 1457 1821 scripsit,
1486 1783 1525 1810 ut
1550 1780 1696 1812 diversa
1722 1780 1808 1811 duo-

96 1845 173 1866 rum
206 1837 369 1868 vivorum
402 1836 585 1867 hominum
616 1836 781 1876 nomina,
814 1847 881 1867 nec
906 1836 1066 1867 Buschio
1100 1837 1249 1876 omisso,
1280 1835 1504 1875 recenseret)
1539 1836 1583 1867 ab
1616 1837 1693 1878 ipso
1718 1837 1809 1867 Hut-

100 1895 184 1923 teno
210 1892 424 1933 inscriptum
451 1892 565 1923 fuisse
591 1893 805 1933 neutiquam
831 1891 1104 1931 addubitamus,
1139 1895 1263 1922 tamen
1296 1891 1423 1922 eadem
1448 1891 1492 1923 de
1527 1902 1639 1924 causa
1663 1888 1808 1933 ψευδώ-

96 1958 216 1989 νυμον
241 1958 388 1979 carmen
413 1948 577 1989 prodisse
604 1958 674 1989 qua
698 1948 875 1989 Epistolae
902 1947 944 1979 O.
962 1949 1004 1980 V.
1023 1942 1226 1990 ἀνωνύμους
1253 1947 1360 1979 editae
1387 1947 1549 1986 fuerant,
1576 1949 1809 1980 manifestum

99 2007 170 2035 est:
197 2014 281 2035 nam
299 2004 488 2045 Triumphi
512 2003 708 2035 Reuchlini
734 2014 815 2035 611111
840 2004 1016 2045 Epistolis
1041 2004 1115 2035 illis
1141 2007 1246 2035 tanta
1272 2002 1442 2035 adfinitas
1469 2007 1533 2040 est,
1560 2007 1599 2035 ut
1623 2008 1808 2045 utrumque

97 2070 226 2101 poema
253 2062 337 2101 <non
363 2060 600 2102 inprudenter
624 2059 812 2101 Epistolas
838 2071 968 2102 poema
994 2059 1151 2102 adpello)
1186 2062 1271 2101 apte
1302 2069 1374 2091 uno
1405 2059 1588 2092 volumine
1616 2061 1812 2102 coniunge-

98 2119 239 2156 rentur;
273 2117 366 2158 quod
398 2118 475 2158 ipse
508 2127 553 2147 ne
586 2116 768 2156 facerem,
803 2115 1050 2157 Epistolarum
1084 2126 1105 2147 a
1131 2116 1308 2147 societate
1333 2116 1500 2157 profecta
1527 2117 1729 2157 conpositio
1754 2127 1809 2146 me

98 2173 227 2212 movit,
269 2173 350 2204 dum
383 2172 619 2214 Triumphum
656 2174 718 2203 uni
749 2172 913 2204 Hutteno
954 2172 1233 2203 adiudicandum
1272 2182 1349 2203 esse
1384 2181 1565 2203 censeam.
1617 2172 1811 2213 Tigurinos

100 2229 209 2259 etiam
241 2228 445 2260 Conradum
479 2229 679 2260 Gesnerum
713 2232 749 2260 et
779 2229 913 2261 Iosiam
946 2228 1135 2259 Simlerum
1159 2227 1358 2259 Hulderieo
1383 2228 1546 2259 Hutteno
1578 2228 1811 2269 Triumphum

100 2285 298 2327 Capnionis
325 2285 556 2326 apertissime
584 2284 814 2324 adscribere,
847 2295 964 2326 neque
998 2284 1041 2316 de
1076 2284 1240 2315 encomio
1266 2283 1460 2315 Reuchlini
1487 2284 1532 2315 ab
1557 2284 1692 2315 Ioanne
1718 2285 1812 2315 Mur-

100 2341 223 2372 mellio
250 2341 438 2382 conposito
463 2341 577 2374 verba
596 2341 738 2378 facere,
764 2351 808 2372 ne
828 2351 1063 2372 memorarem
1083 2340 1245 2381 quidem,
1271 2340 1342 2371 11151
1367 2340 1581 2371 monendum
1607 2350 1685 2371 esse
1711 2340 1810 2372 vide-

99 2400 200 2428 retur
230 2397 362 2428 falsum
394 2407 474 2429 esse
508 2396 600 2438 quod
631 2396 812 2428 Melchior
841 2397 1000 2428 Adamus
1041 2398 1079 2428 in
1109 2396 1258 2428 Ioannis
1290 2396 1472 2427 Murmelii
1504 2397 1582 2428 vita
1622 2395 1682 2437 [cf.
1702 2406 1811 2438 supra

99 2464 133 2494 p.
153 2451 220 2495 84]
247 2453 396 2494 scripsit
421 2454 595 2495 „Miraeus
620 2456 743 2484 tamen
775 2453 854 2485 vult
880 2453 1014 2484 obiisse
1043 2463 1121 2483 611111
1150 2450 1419 2494 [Murmellium]
1447 2453 1676 2491 Monasterii,
1704 2452 1811 2493 idque

101 2520 228 2548 „anno
258 2509 356 2542 1513.
383 2509 454 2541 Sed
480 2510 511 2541 si
538 2520 631 2541 anno
662 2508 756 2540 1516.
777 2510 926 2551 scripsit
944 2509 1120 2541 encomium
1139 2509 1328 2545 Benehlim',
1354 2511 1394 2538 ut
1414 2508 1597 2539 Gesnerus
1623 2509 1658 2539 in
1675 2508 1811 2539 Biblio-

101 2565 239 2606 ,‚theca
266 2565 473 2597 confirmat:
498 2566 622 2607 utique
649 2565 711 2596 ille
738 2566 914 2597 fallitur''.
949 2568 1011 2597 aut
1029 2565 1183 2597 caecutio
1210 2567 1272 2596 aut
1296 2575 1366 2595 non
1384 2564 1519 2605 legitur
1534 2567 1575 2595 ut
1592 2575 1707 2605 neque
1727 2567 1814 2605 aput

101 2622 282 2661 Miraeum,
315 2622 368 2652 ita
401 2631 518 2662 neque
555 2622 592 2652 in
617 2621 851 2653 Bibliotheca
884 2621 960 2654 sive
996 2622 1234 2654 Gesnerianae
1266 2622 1344 2653 sive
1379 2610 1608 2651 Simlerianae
1641 2620 1812 2652 editionis

102 2688 219 2719 neque
251 2678 318 2709 sub
349 2678 496 2709 Ioannis
523 2676 722 2718 Capnionis
747 2688 863 2719 neque
889 2678 953 2709 sub
980 2678 1127 2709 Ioannis
1151 2676 1349 2708 Murmellii
1374 2687 1490 2717 neque
1516 2677 1580 2708 sub
1607 2675 1813 2707 Eleutherii

101 2734 350 2765 Hermannive
375 2733 528 2765 Buschii
553 2733 697 2764 nomine
724 2733 760 2764 id
792 2733 884 2774 quod
910 2734 1069 2765 Adamus
1102 2734 1155 2764 ibi
1186 2733 1261 2774 legi
1293 2733 1451 2774 scripsit.
1478 2732 1621 2773 legerat
1646 2733 1723 2764 51116
1750 2732 1812 2763 (111-

102 2790 161 2821 bio
178 2789 336 2821 Adamus
354 2790 433 2821 haec
451 2789 710 2820 Hamelmanni
726 2790 840 2821 verba
859 2789 969 2831 (Opp.
988 2789 1146 2831 geneall.
1165 2790 1339 2830 Lemgov.
1362 2788 1456 2819 1711.
1476 2788 1523 2818 40.
1541 2799 1575 2829 p.
1595 2788 1685 2829 172.)
1705 2788 1815 2829 „Epi-

103 2850 307 2888 grammata
325 2847 403 2877 eius
431 2844 653 2887 [Murmellii]
675 2846 840 2887 quaedam
860 2846 905 2876 ad
922 2845 1129 2887 Philippum
1155 2845 1198 2876 de
1217 2845 1339 2876 Horde
1413 2844 1581 2886 prodiere
1599 2843 1815 2875 Monasterii

105 2913 198 2934 anno
227 2902 277 2934 10.
307 2905 343 2933 et
368 2901 580 2934 Daventriae
607 2901 681 2932 alia
707 2902 871 2942 quaedam
896 2901 1122 2943 paraenetica
1149 2911 1242 2932 anno
1270 2899 1321 2931 16.
1341 2900 1567 2941 prodierunt,
1603 2910 1670 2941 quo
1704 2901 1814 2931 etiam

103 2962 265 3000 tempore
299 2958 446 2999 scripsit
478 2958 607 2988 laudem
639 2958 680 2988 de
712 2958 925 2993 Reuehlz'no'⁷‚
958 2957 1086 2997 quibus
1111 2957 1252 2996 verbis,
1286 2957 1442 2988 sortasse
1476 2956 1519 2987 de
1553 2956 1814 2998 epigrammate

104 3014 360 3046 Murmelliano
395 3015 430 3045 in
464 3013 658 3045 Reuchlini
690 3013 835 3045 laudem
868 3014 1005 3055 scripto
1038 3013 1125 3043 mihi
1158 3023 1227 3043 non
1259 3016 1344 3044 noto
1378 3012 1624 3054 accipiendis,
1658 3012 1815 3043 Adamus

105 3081 185 3101 cum
211 3080 313 3101 suam
337 3070 532 3101 Murmellii
558 3070 669 3101 vitam
697 3080 739 3100 ex
765 3069 1031 3101 Hamelmanno
1058 3073 1094 3101 et
1118 3070 1244 3101 Miraeo
1276 3069 1550 3101 consarcinaret
1576 3068 1815 3109 audieratque
