2081 3517
261 230 356 275 214
525 247 685 269 HVTTENI
704 246 752 267 AD
771 242 943 266 CAESAREM
962 238 1241 261 MAXIMILIANVM
1259 237 1550 259 EPIGRAMMATVM
1568 236 1691 257 LIBER.

526 349 660 386 Cernis
691 351 732 383 ut
762 345 943 392 Euganea
975 341 1140 389 respiret
1170 339 1321 377 Marcus
1351 339 1388 375 in
1420 337 1522 375 unda

493 427 508 452 4
639 413 763 461 thue
796 415 947 447 tumens
978 406 1097 457 patria
1130 406 1188 442 vix
1221 405 1392 454 capiatur
1422 404 1543 454 aqua?

530 480 649 518 Causa
680 478 757 519 rei,
791 474 952 524 sumptis
983 484 1059 510 non
1091 472 1212 509 fauste
1244 471 1437 508 Teutones
1468 469 1585 507 armis

639 543 737 581 Mille
770 541 871 592 quod
903 553 922 577 a
954 539 1106 577 Venetis
1136 537 1381 588 procubuere
1412 536 1501 574 duo,

528 613 575 650 At
606 615 807 660 postquam
841 608 945 645 ferus
976 618 1081 643 arma
1113 609 1223 654 geret
1254 604 1340 642 Iove
1372 603 1519 640 vindice
1551 603 1696 645 Caesar,

496 694 510 717 s
643 675 751 720 Quod
785 678 908 711 tutum
941 673 1094 710 Venetis
1124 676 1204 709 tum
1236 671 1326 709 satis
1357 681 1489 720 aequor
1521 669 1616 707 erit?

445 799 504 836 16.
781 796 844 826 DE
870 793 1077 825 VENETIS
1102 793 1164 824 ET
1191 792 1447 824 GERMANIS.

529 876 681 914 Tollere
711 886 785 924 pax
817 872 1002 916 Venetos,
1035 872 1249 909 Germanos
1281 881 1387 908 arma
1419 868 1615 912 solebant,

640 942 920 990 Ingeniumque
950 950 1064 977 suum
1094 937 1246 987 pondus
1276 937 1451 986 utrisque
1481 935 1614 973 dabat:

529 1010 726 1048 Mutantur
756 1018 903 1050 moreS‚
937 1017 1063 1055 neque
1095 1005 1195 1042 enim
1228 1004 1432 1041 Germania
1464 1007 1628 1052 pugnat,

495 1092 508 1114 4
641 1075 835 1124 Armaque
865 1077 904 1110 tu
937 1078 1083 1110 temere
1115 1071 1306 1113 conseris,
1339 1068 1434 1106 urbs
1464 1068 1665 1106 Venetum.

529 1144 569 1181 Si
600 1141 688 1180 licet
717 1142 774 1178 ire
805 1144 929 1183 retro,
964 1137 1110 1176 vicibus
1142 1138 1227 1176 (late
1259 1141 1391 1174 mutua
1421 1136 1559 1178 versis,

639 1208 715 1246 Res
745 1213 837 1244 tunc
869 1206 1088 1249 Germanis,
1121 1217 1184 1243 res
1216 1204 1289 1242 erit
1320 1207 1357 1241 et
1386 1202 1551 1240 Venetis.

448 1332 503 1369 17.
574 1332 623 1361 IN
650 1329 836 1361 GALLOS
864 1328 1100 1360 CAESAREM
1126 1326 1320 1359 FVGERE
1347 1323 1654 1356 COMMENTOS.

529 1409 672 1447 Solaris
702 1414 757 1451 te,
793 1406 898 1446 Galle
930 1407 1066 1451 miser,
1098 1405 1168 1443 tibi
1199 1404 1336 1453 gaudia
1367 1403 1499 1452 fingis,

642 1476 729 1513 Haec
761 1475 858 1525 petis
888 1474 926 1510 in
957 1473 1083 1511 media
1115 1471 1316 1510 commoda
1348 1470 1517 1507 tristitia:

532 1543 663 1592 Fingis
694 1543 795 1579 enin]
827 1540 1023 1589 rebusque
1056 1540 1130 1577 tuis
1161 1538 1289 1576 laetum
1320 1537 1478 1574 instruis
1509 1548 1644 1580 omen,

498 1628 511 1650 4
645 1601 728 1653 Quo
760 1609 845 1658 quis
876 1612 912 1644 te
943 1607 980 1644 in
1013 1605 1156 1656 populo
1189 1616 1265 1641 non
1297 1608 1403 1654 putet
1433 1604 1503 1641 ista
1534 1604 1624 1652 pati.

530 1677 648 1725 Finge
681 1676 836 1726 quidem
870 1685 1058 1723 casusque
1089 1678 1176 1710 tuos
1208 1671 1333 1709 solare
1363 1670 1596 1720 premendo,

640 1743 787 1781 Interea
820 1742 946 1780 Caesar
977 1740 1068 1778 (lum
1100 1744 1208 1789 gerat
1237 1739 1306 1775 ista
1338 1743 1484 1781 tamen,

528 1811 572 1848 Et
605 1822 719 1859 quem
751 1814 790 1847 tu
822 1809 941 1845 iactas
972 1806 1138 1855 abrupto
1172 1805 1361 1843 excedere
1392 1803 1514 1847 bello,

495 1891 510 1915 s
643 1876 794 1914 Haereat
825 1876 863 1913 in
895 1880 1002 1923 tergo
1035 1873 1137 1911 caede
1169 1883 1362 1922 manuque
1391 1875 1470 1909 tuo.

446 1996 516 2034 18³.
824 1995 918 2027 PRO
945 1961 1407 2034 PASQVILLoeROMAE.

527 2077 647 2115 Anxia
678 2075 841 2114 lustrato
872 2079 1077 2125 postquam
1108 2084 1202 2122 gens
1232 2071 1324 2110 Itala
1356 2071 1500 2110 mundo

640 2142 841 2181 Consuluit
871 2146 975 2179 vates
1006 2138 1275 2190 consuluitque
1307 2140 1419 2183 deos,

528 2209 637 2255 Quod
668 2209 768 2248 male
799 2209 1036 2258 respondent
1065 2212 1189 2248 vates,
1222 2205 1432 2256 Pasquille,
1466 2206 1624 2256 deique,

492 2291 507 2315 4
640 2277 694 2315 Te
725 2281 838 2325 rogat
868 2276 1007 2313 amisso
1040 2274 1189 2312 Caesare
1222 2273 1360 2312 ‘Caesar
1390 2272 1455 2311 ubi
1488 2271 1579 2310 est?
1627 2269 1635 2276 ’

529 2345 638 2383 Certa
672 2355 743 2381 nec
775 2343 919 2381 accessi
949 2343 1126 2380 referunt
1157 2339 1310 2378 oracula
1343 2339 1499 2389 Delphi,

637 2410 718 2448 Nec
747 2410 932 2448 Dodonaei
962 2407 1063 2459 sylva
1095 2419 1238 2446 canora
1268 2407 1384 2449 Iovis;

352 2578 401 2610 16.
444 2579 585 2620 Epz'qrr.
608 2579 803 2609 16.17.18³.
824 2579 915 2607 omis.
937 2577 969 2607 3.
1057 2574 1065 2593 ¹
1092 2572 1251 2616 Tollere]
1283 2574 1450 2612 evehere,
1480 2583 1627 2614 augere.
1713 2572 1726 2591 ³
1750 2573 1968 2605 Rettulerim

258 2635 337 2666 haee
364 2635 409 2665 ad
434 2645 560 2676 pacem
587 2635 682 2665 inter
701 2632 878 2664 Caesarem
896 2632 1125 2671 Venetosque
1146 2641 1177 2663 a.
1200 2629 1294 2661 1513.
1316 2633 1350 2660 et
1376 2630 1524 2660 ineunte
1551 2639 1582 2660 a.
1604 2628 1700 2660 1514.
1720 2629 1855 2660 frustra
1880 2632 1966 2661 tem-

258 2694 409 2732 ptatam.
482 2690 494 2710 ‘⁵
520 2688 604 2731 Res]
632 2699 734 2720 suum
756 2689 909 2729 ⁶quisque
936 2687 1053 2718 locum
1080 2686 1150 2727 sibi
1177 2686 1453 2717 convenientem
1479 2685 1711 2726 debitumque
1735 2688 1885 2726 uterque
1903 2685 1966 2716 ha-

259 2746 373 2777 bebit.

351 2802 402 2833 17.
445 2801 500 2833 Cf.
522 2801 567 2832 ad
592 2811 626 2833 v.
646 2799 676 2832 3.
697 2799 892 2841 superioris
919 2799 1031 2841 epigr.
1125 2796 1138 2816 ³
1164 2797 1287 2828 loetum
1315 2799 1343 2829 1.
1438 2795 1450 2815 ⁴¹
1475 2795 1566 2838 pati]
1602 2796 1735 2838 expelli
1767 2807 1810 2828 ex
1842 2796 1965 2837 Italia,

261 2857 353 2898 quod
379 2860 461 2898 post
485 2867 643 2898 pugnam
668 2856 931 2888 Novariensem
959 2854 1074 2895 magis
1100 2854 1289 2894 magisque
1317 2852 1433 2884 Gallis
1463 2852 1660 2884 acciderat.

350 2912 416 2943 18³.
457 2913 549 2944 Haec
575 2913 643 2943 duo
670 2912 932 2953 epigrammata
951 2910 1128 2951 inscripta
1149 2910 1340 2940 ‘Huttenus
1367 2908 1413 2939 ad
1430 2908 1664 2949 Pasquillum'
1692 2910 1728 2939 et
1745 2907 1964 2949 ‘Pasquillus

259 2968 439 2999 Romanis’
458 2968 610 3010 primum
636 2968 845 3009 prodierant
864 2977 895 2997 a.
918 2964 1014 2997 1516.
1033 2968 1113 3006 post
1131 2963 1334 3006 Epistolam
1351 2964 1469 2995 Italiae
1496 2964 1616 2995 indice
1643 2963 1729 2994 bibl.
1749 2964 1851 2994 Hutt.
1870 2973 1966 2995 num.

259 3024 321 3053 XI.
341 3024 371 3053 ⁶2.
393 3024 625 3065 descriptam.
713 3021 725 3041 5
751 3022 925 3064 Respexit
950 3024 1058 3063 poeta
1085 3021 1129 3051 ad
1156 3020 1260 3051 Corn.
1280 3020 1371 3062 Nep.
1399 3020 1436 3051 in
1460 3019 1649 3060 Lysandro
1676 3029 1706 3050 c.
1725 3019 1757 3052 3.
1782 3019 1966 3058 „Primum

259 3078 419 3120 Delphos
446 3089 674 3120 corrumpere
702 3081 757 3109 est
782 3081 946 3109 conatus.
996 3087 1074 3108 cum
1106 3076 1141 3107 id
1174 3086 1243 3107 non
1274 3077 1468 3117 potuisset,
1503 3075 1691 3107 Dodonam
1725 3075 1871 3106 adortus
1898 3078 1964 3107 est.
