2081 3517
372 535 444 566 Diu
470 538 524 566 est
550 533 641 575 quod
665 533 751 564 mihi
776 531 941 573 persuasi
975 530 1079 571 inque
1111 530 1188 561 dies
1221 531 1353 561 certius
1386 531 1538 571 cognovi
1569 529 1659 561 nihil
1690 540 1857 572 umquam
1888 531 1970 562 scri-

283 595 423 632 ptorum
450 600 590 621 suorum
615 594 746 630 praeter
772 586 948 628 epistulas
975 597 1051 628 quie
1079 586 1123 617 ab
1150 586 1226 627 ipso
1253 586 1348 617 inter
1373 585 1614 617 Obscurorum
1644 586 1802 617 virorum
1828 587 1975 627 scriptae

284 650 366 677 sunt
392 650 426 677 et
444 644 675 686 Triumphum
694 643 892 685 Capnionis
918 642 977 683 qui
1003 642 1048 673 ad
1072 642 1173 673 illam
1199 646 1323 673 contra
1348 642 1590 683 theologistas
1615 642 1880 682 expeditionem
1897 652 1975 683 per-

283 703 391 740 tinet,
420 702 617 731 Huttenum
643 699 849 741 publicasse
874 699 945 729 nisi
971 699 1131 729 auctoris
1156 698 1299 729 nomine
1324 698 1504 737 indicato,
1531 707 1705 739 speroque
1732 698 1876 728 tandem
1902 698 1977 728 fore

282 762 322 788 ut
346 757 513 788 desinant
539 756 653 787 eidem
680 754 801 785 aliena
826 756 971 794 viroque
996 754 1147 795 indigna
1172 754 1268 793 (sunt
1294 757 1413 784 autem
1429 754 1590 785 Hutteno
1615 753 1765 795 indigna
1791 754 1901 784 etiam
1927 754 1978 784 in-

285 813 535 853 geniosissima
560 811 828 852 lepidissimave
855 810 975 841 omnia.
1001 820 1077 850 quae
1102 820 1174 841 non
1204 810 1274 841 nisi
1302 820 1367 851 per
1396 809 1624 840 mendacium
1656 809 1714 841 vel
1745 809 1978 840 benevolenti

284 869 401 899 animo
429 867 720 898 adscriberentur
747 865 794 907 ei)
822 866 1044 904 adiudicare,
1071 866 1149 897 sive
1172 865 1291 897 laudis
1315 866 1385 897 viri
1410 865 1623 897 extollendae
1650 865 1725 896 sive
1752 864 1980 897 conviciandi

284 924 437 955 hominis
464 933 578 954 causa
603 922 638 953 id
663 922 813 955 faciant.
863 921 957 953 Sane
983 923 1075 952 mira
1099 922 1288 953 temeritas
1315 924 1370 953 est
1396 926 1431 952 et
1455 915 1626 961 ἀκρισία,
1661 921 1722 952 sed
1748 921 1785 952 in
1810 931 1880 952 non
1904 920 1981 952 nul—

283 979 327 1010 lis
354 979 587 1010 circulatoria
612 978 793 1009 iactantia
819 981 855 1009 et
880 978 1100 1020 ignorantia,
1129 987 1197 1018 qua
1222 977 1396 1016 Hutteno,
1423 977 1515 1008 sicui
1541 977 1591 1008 ali
1616 977 1796 1018 scriptori,
1826 987 1869 1008 ea
1895 987 1978 1018 quo-

286 1046 351 1076 que
378 1035 536 1066 tribuere
563 1034 677 1065 adhuc
703 1033 893 1065 voluerunt
919 1043 996 1075 quae
1023 1035 1083 1074 qui
1109 1034 1189 1064 sani
1213 1033 1339 1064 iudicii
1363 1033 1435 1063 sint
1461 1033 1577 1064 eidem
1594 1043 1664 1064 non
1682 1033 1891 1064 abiudicare
1909 1043 1980 1063 non

284 1096 441 1133 possunt.
492 1091 562 1130 Qui
588 1090 672 1131 quid
696 1090 775 1121 haec
801 1099 929 1121 severa
956 1089 1154 1120 admonitio
1177 1089 1238 1120 hic
1263 1089 1334 1120 loci
1359 1088 1429 1120 sibi
1454 1088 1543 1119 velit
1569 1098 1611 1119 ex
1642 1099 1697 1120 me
1731 1092 1886 1130 quaerat,
1919 1099 1978 1120 ve-

283 1148 379 1178 niam
406 1146 506 1178 dabit
530 1146 764 1187 respondenti
789 1156 935 1177 carmen
960 1145 1051 1187 quod
1076 1145 1237 1186 sequitur
1262 1155 1317 1176 me
1342 1145 1616 1186 transcripsisse
1642 1155 1660 1176 e
1684 1145 1810 1177 libello
1843 1146 1899 1177 cui
1925 1156 1978 1176 re-

284 1204 425 1234 centior
450 1212 576 1233 manus
602 1202 787 1244 inscripsit
813 1204 890 1233 ‘aut.
913 1201 963 1233 Ul.
982 1213 1011 1233 v.
1033 1202 1182 1232 Hzttlen'.
1223 1200 1517 1232 Benivolentiam
1543 1211 1564 1231 a
1588 1200 1787 1233 lectoribus
1811 1202 1979 1233 inmerito

283 1263 461 1301 peterem,
496 1259 602 1290 immo
634 1259 804 1289 iniuriam
836 1258 972 1289 eisdem
1002 1257 1180 1297 facerem,
1213 1258 1243 1288 si
1275 1257 1452 1293 rationes,
1487 1267 1505 1288 e
1537 1257 1664 1298 quibus
1697 1257 1882 1289 adnotatio
1908 1258 1979 1288 ista

283 1315 379 1347 falsa
405 1315 558 1346 dicenda
585 1318 657 1353 est,
690 1313 852 1356 pluribus
882 1314 1004 1345 verbis
1036 1324 1261 1355 exponerem.
1311 1313 1348 1344 hi
1378 1322 1503 1345 versus
1537 1313 1581 1344 ab
1606 1313 1841 1345 Huttenianis
1871 1313 1978 1355 longe

284 1371 496 1402 alienissimi
521 1374 614 1401 sunt.
661 1371 737 1402 Nec
762 1370 867 1409 boni,
893 1374 1015 1401 tamen
1040 1370 1227 1412 repetendi
1251 1370 1321 1401 visi
1346 1372 1445 1408 suntq
1478 1379 1547 1400 non
1575 1373 1646 1400 tam
1671 1372 1710 1400 ut
1736 1373 1910 1401 caveatur
1934 1380 1978 1400 ne

283 1429 318 1458 in
342 1427 585 1469 neglegentiae
612 1427 746 1457 crimen
773 1427 832 1467 qui
858 1436 935 1467 quae
961 1427 1125 1468 recipere
1150 1426 1356 1457 debuissem
1381 1425 1599 1461 omisissem,
1634 1425 1727 1466 apud
1755 1435 1817 1456 eos
1843 1426 1978 1457 incide-

282 1495 355 1515 rem
382 1484 442 1525 qui
464 1483 533 1514 hoc
559 1493 703 1514 carmen
728 1482 881 1513 Hutteni
905 1492 984 1514 esse
1010 1482 1218 1524 opinentur,
1252 1492 1358 1523 quam
1390 1482 1473 1522 quia
1499 1481 1749 1513 documentum
1773 1492 1837 1523 per
1861 1491 1900 1513 se
1925 1492 1980 1512 sa-

282 1541 327 1571 tis
352 1538 584 1571 memorabile
611 1542 646 1569 et
673 1538 717 1569 ad
734 1539 887 1570 Hutteni
912 1539 1080 1569 carminis
1107 1538 1340 1570 exhortatorii
1365 1538 1700 1579 interpretationem
1725 1537 1813 1569 utile
1831 1538 1979 1569 videba-

281 1601 348 1635 tur,
374 1599 553 1638 praeterea
571 1594 686 1626 adhuc
705 1605 726 1625 a
743 1595 885 1625 nemine
906 1605 1009 1635 quem
1034 1595 1148 1626 sciam
1175 1598 1236 1625 aut
1260 1594 1452 1635 repetitum
1479 1598 1541 1625 aut
1567 1594 1611 1625 ad
1628 1593 1869 1625 Maximiliani
1894 1595 1977 1635 imp.

284 1663 340 1683 res
372 1656 496 1693 gestas
530 1650 751 1682 enarrandas
784 1650 984 1682 adhibitum
1015 1655 1083 1682 est.
1129 1650 1269 1682 Prodiit
1302 1644 1422 1681 autem
1454 1649 1600 1680 libellus
1634 1650 1711 1681 sine
1743 1649 1814 1681 loci
1846 1651 1977 1681 annive

282 1708 505 1739 indicatione
533 1708 717 1749 (Augustae
736 1706 1021 1745 Vindelicorum,
1048 1709 1152 1748 puto,
1181 1716 1273 1737 anno
1301 1705 1412 1747 1510.)
1439 1710 1518 1737 octo
1546 1705 1733 1747 quadratis
1759 1705 1869 1744 foliis,
1897 1717 1979 1747 quo-

283 1775 357 1795 rum
384 1763 501 1795 altera
528 1767 563 1795 ct
588 1763 714 1794 ultima
738 1763 881 1804 paginae
909 1774 928 1794 a
955 1764 1133 1804 scriptura
1159 1765 1309 1801 vacant,
1338 1765 1470 1793 ceterae
1496 1761 1648 1803 singulae
1673 1762 1831 1793 tricenos
1856 1772 1980 1794 versus

282 1820 436 1858 habent,
464 1823 596 1861 praeter
620 1819 771 1860 primam
799 1819 835 1849 in
861 1829 928 1859 qua
955 1819 1045 1860 nihil
1070 1819 1141 1849 nisi
1165 1818 1243 1849 haee
1270 1818 1458 1859 inscriptio
1485 1822 1555 1849 est:

499 1896 1388 1973 Άὺὶἶειιεῑεηῠῐῐῐὶιηοῑι
1440 1895 1723 1957 11311111

500 1986 750 2034 strisfimos
784 1986 907 2034 sacri
943 1987 1157 2034 Romani
1194 1986 1397 2051 Imperii
1433 1985 1715 2033 Electores':

499 2065 738 2130 Reliquos
777 2084 824 2130 (Β
857 2065 1057 2114 inclitos
1095 2066 1147 2113 in
1184 2065 1398 2114 concilio
1427 2065 1719 2129 Augustenfi

500 2145 814 2194 Germanou]
834 2146 1116 2211 Principes:
1157 2145 1338 2194 Carme
1364 2145 1720 2193 exhortatorisi:

370 2249 425 2279 De
451 2248 519 2280 hoc
545 2253 725 2280 conventu
750 2248 970 2280 Trithemius
996 2249 1033 2280 in
1060 2248 1229 2280 chronico
1254 2248 1511 2290 Hirsaugiensi
1537 2248 1586 2287 (S.
1608 2247 1705 2279 Galli
1734 2246 1827 2279 1090.
1847 2247 1908 2278 fol.
1929 2247 1980 2278 11.

281 2315 312 2346 p.
333 2304 424 2345 650.)
450 2306 580 2345 „Anno
605 2305 721 2337 MDX.
742 2309 938 2336 conventus
963 2305 1163 2346 principum
1190 2304 1284 2346 apud
1307 2305 1505 2346 Augustam
1523 2304 1743 2335 Rhaetiorum
1771 2314 1863 2335 anno
1889 2313 1979 2344 prae-

282 2361 433 2392 cedente
458 2371 522 2402 per
540 2360 820 2392 Maximilianum
838 2371 959 2402 regem
985 2361 1141 2392 indictus
1168 2361 1213 2391 ad
1238 2361 1368 2392 festum
1386 2360 1604 2402 Epiphania?
1631 2360 1853 2391 celebratur:
1880 2359 1978 2390 lente

283 2418 413 2458 coepit,
445 2417 507 2448 sed
537 2417 598 2448 diu
628 2417 789 2457 duravit,
829 2427 849 2448 a
881 2417 1059 2458 principio
1091 2416 1263 2448 videlicet
1294 2417 1457 2447 Ianuarii
1488 2426 1599 2457 usque
1633 2416 1677 2447 ad
1709 2416 1814 2447 finem
1846 2416 1979 2447 mensis

282 2473 404 2504 Mais'.
453 2473 634 2504 Recessus
676 2483 778 2514 quem
818 2476 951 2504 vocant
992 2473 1215 2514 subscriptus
1257 2476 1311 2503 est
1351 2473 1381 2504 d.
1400 2472 1453 2503 22.
1473 2472 1561 2503 Maii
1595 2483 1626 2503 a.
1654 2471 1752 2504 1510.
1800 2473 1912 2503 Extat
1942 2472 1978 2502 in

285 2528 496 2572 Summhmg
522 2529 574 2563 bet
600 2528 885 2570 Dieidyssabl‘dticbe.
912 2528 1080 2570 &1742
1101 2529 1162 2561 fol.
1181 2533 1264 2560 tom.
1282 2529 1330 2560 Π.
1349 2539 1382 2570 p.
1402 2528 1455 2560 32.
1476 2538 1551 2569 sqq.
1601 2529 1770 2560 Subsidia
1796 2528 1840 2558 ab
1867 2529 1978 2569 impe-

282 2589 403 2616 ratore
429 2588 553 2616 contra
580 2586 739 2617 Venetos
765 2585 964 2616 officiosius
989 2586 1164 2627 promissa
1191 2595 1294 2626 quam
1321 2585 1523 2626 religiosius
1548 2585 1712 2626 praestita
1737 2589 1830 2616 sunt.
