2081 3517
308 200 317 243 l
337 199 395 243 34
423 216 584 238 HVTTENI
602 214 649 236 AD
664 213 748 235 CAES.
759 207 1035 233 MAmeLIANVM
1053 206 1098 228 VT
1112 204 1257 226 BELLVM
1272 186 1487 224 1N⁸VENET08
1504 201 1656 227 PROSEQ.
1667 199 1991 222 EXHORTATORIVM.

572 316 780 366 Imperiosa
813 312 928 353 inari,
961 310 1114 346 fortuna
1147 306 1240 344 elata
1273 304 1461 346 secunda,

499 399 547 424 252
674 382 718 419 Et
749 380 834 431 plus
866 388 1000 428 quam,
1032 375 1197 413 brevitas
1228 372 1430 423 temporis,
1462 371 1552 414 ista,
1586 370 1686 407 sinit.

566 451 680 489 Vince
713 453 838 485 tamen
869 449 1115 494 coepttlmque
1145 442 1261 480 armis
1291 444 1473 489 tantoque
1502 441 1638 488 paratu

678 515 920 562 Prosequere
949 510 1024 548 hoc
1053 509 1220 553 bellum,
1252 507 1397 546 viribus
1426 517 1495 543 use
1525 505 1619 542 tuis:

569 586 677 633 Saepe
700 579 801 631 quod
824 580 861 616 in
883 589 1077 616 summum
1099 576 1299 615 adscendit
1318 573 1537 623 multosque
1560 583 1629 622 per
1651 583 1771 610 annos

503 666 552 691 256
680 648 823 689 Crevit,
857 646 894 683 in
926 656 1106 683 occasun]
1138 643 1293 694 dispulit
1322 653 1397 680 una
1429 641 1521 678 (lies.

571 716 677 763 Quod
710 715 742 752 si
772 717 893 751 marte
922 717 988 750 tuo
1019 711 1237 762 respublica
1269 709 1446 748 concidet
1476 706 1556 750 illa,

682 782 774 828 Quze
804 792 867 819 res
898 791 1001 817 nuuc
1030 783 1136 817 tanto
1168 782 1290 827 coepta
1320 776 1453 814 labore
1483 774 1553 812 tihi
1584 778 1660 818 est,

573 852 688 900 Signa
719 849 778 887 sui
809 846 911 885 clare
943 846 1046 885 dabit
1076 846 1139 883 hic
1170 845 1342 883 Fortuna
1372 842 1532 885 favoris,

505 933 556 958 21111
685 917 776 963 Quae
807 914 932 964 siquid
962 913 1102 956 voluit,
1135 913 1274 962 datque
1304 912 1480 960 rapitque
1511 909 1606 946 cito:

572 986 640 1024 vix
672 985 742 1022 tria
773 974 865 1021 (111111
895 981 1082 1019 Venetum
1114 979 1263 1018 duravit
1292 976 1429 1015 saecula
1461 987 1646 1025 regnum,

684 1052 730 1089 Et
759 1056 887 1088 tanien
918 1048 990 1087 hac
1021 1048 1143 1085 visum
1175 1050 1231 1084 est
1261 1044 1424 1094 amplius
1455 1042 1552 1081 urbe
1583 1041 1694 1085 nihil,

575 1121 698 1170 Atque
729 1118 844 1161 adeo,
877 1116 1035 1154 armarit
1065 1126 1132 1153 sua
1164 1118 1206 1152 ut
1236 1113 1335 1151 hanc
1366 1110 1574 1162 petulantia
1606 1113 1736 1147 contra

506 1201 554 1226 261
683 1188 895 1226 Germanas
924 1184 1024 1221 vires
1055 1182 1349 1231 Caesareumque
1380 1180 1508 1218 decus.

584 1256 721 1297 Vince,
754 1254 932 1302 inquam,
965 1250 1111 1294 Caesar,
1144 1262 1217 1289 nec
1250 1255 1284 1287 te
1315 1249 1487 1287 Fortuna
1518 1250 1692 1284 moretur

686 1321 847 1359 Terreat
878 1324 942 1357 aut
972 1318 1075 1357 solos
1105 1319 1183 1355 visa
1216 1317 1324 1367 sequi
1353 1315 1540 1357 Yeuetos;

576 1391 667 1436 Quze
699 1389 768 1426 suit
798 1387 856 1425 his
886 1387 1046 1437 propior
1077 1386 1211 1436 primis
1243 1384 1407 1434 favitque
1439 1383 1508 1422 sub
1541 1383 1669 1428 annis,

508 1471 559 1497 ‘263
686 1456 775 1494 Haec
807 1454 940 1492 eaden]
970 1466 1081 1492 verso
1113 1444 1268 1490 cardine
1298 1451 1416 1490 tristis
1448 1452 1530 1494 erit.

576 1524 674 1571 Quid
705 1523 866 1565 metuis,
898 1533 946 1560 ne
978 1520 1100 1571 qualis
1132 1525 1213 1558 erat
1243 1531 1327 1556 sors
1353 1523 1500 1569 ‘perstet
1531 1520 1568 1557 in
1600 1518 1696 1557 illis?

688 1591 744 1629 An
775 1590 901 1628 nescis
931 1589 1055 1627 varias
1085 1587 1212 1626 rebus
1234 1588 1360 1625 Inesse
1389 1586 1515 1624 vices?

580 1660 618 1697 Si
650 1658 857 1709 quicquain
887 1657 1049 1694 istarum
1079 1655 1203 1705 potuit
1235 1667 1274 1692 56
1307 1653 1491 1692 extollere
1521 1666 1673 1699 rerum,

512 1741 560 1766 272
690 1724 785 1763 Illud
817 1724 916 1762 idem
950 1735 1040 1761 casu
1071 1721 1389 1771 temporibusque
1419 1726 1526 1760 ruet:

575 1896 770 1943 Imperiosa
800 1905 910 1928 mama
943 1893 1084 1928 fortuna
1115 1891 1207 1928 elata
1237 1892 1407 1931 secunda,
1941 1903 2012 1935 (251)

676 1951 718 1986 Et
749 1951 832 1998 plus
865 1961 988 1997 quani,
1020 1949 1174 1984 brevitas
1205 1948 1396 1995 temporis,
1431 1948 1516 1988 ista,
1549 1949 1644 1984 sinit.
1938 1959 2012 1991 (252)

583 2008 714 2051 Quodsi
746 2013 857 2042 inartc
891 2012 952 2041 tuo
984 2004 1185 2052 respublica
1217 2005 1380 2040 concillet
1410 2004 1490 2045 illa,
1944 2016 2013 2049 (257)

694 2063 776 2106 Quae
807 2074 865 2098 res
896 2073 989 2097 nunc
1022 2067 1120 2096 tanto
1152 2067 1266 2108 coepta
1298 2060 1419 2096 labore
1452 2061 1514 2096 tibi
1545 2067 1618 2102 est,

581 2121 689 2167 Signa
721 2120 775 2155 sui
805 2118 898 2155 clare
930 2118 1027 2153 dabit
1056 2117 1113 2152 hic
1143 2118 1300 2152 Fortuna
1334 2117 1483 2156 favoris,

531 2189 562 2214 ῖς.
692 2175 795 2219 Qum,
828 2174 944 2222 siquid
973 2175 1124 2219 poterit,
1155 2174 1284 2220 datque
1316 2173 1481 2220 rapitque
1511 2174 1602 2209 cito:
1946 2184 2014 2216 (260)

581 2233 642 2268 Vix
675 2233 741 2267 tria
772 2232 858 2267 dun]
890 2231 1062 2266 Venetunl
1093 2230 1232 2265 duravit
1262 2228 1389 2265 szecula
1420 2230 1566 2273 nomen,
1946 2240 2015 2273 (2¹51)

694 2288 737 2323 Et
768 2293 881 2323 tamen
913 2287 980 2322 hoc
1010 2287 1139 2332 aliquis
1170 2286 1312 2332 yramle
1338 2290 1473 2331 putare
1494 2291 1624 2332 polest.
1947 2296 2016 2329 (262)

585 2345 668 2388 01116
702 2344 768 2379 suit
800 2345 840 2378 iis
870 2343 1021 2390 propior
1051 2342 1174 2390 primis
1204 2342 1356 2388 fortuna
1387 2342 1452 2377 sub
1484 2343 1602 2383 annis,
1947 2352 2016 2385 (267)

530 2416 563 2439 so
692 2400 769 2437 [Izec
800 2400 920 2435 eaden]
951 2410 1052 2434 verso
1080 2399 1208 2443 pollice
1238 2398 1350 2433 tristis
1381 2398 1461 2433 erit.
1949 2409 2018 2441 (265)

583 2458 679 2501 Quid
703 2458 844 2498 metuis,
872 2465 916 2490 ne
946 2460 977 2490 te
1006 2460 1118 2501 cceplo
1144 2455 1310 2491 Fortuna
1341 2458 1462 2489 tenore
1948 2465 2017 2499 [265]

694 2513 774 2548 Non
802 2514 898 2547 sinat
926 2513 1117 2547 immensas
1138 2513 1280 2548 vincere
1301 2511 1464 2546 divitias?
1949 2521 2020 2554 [266]

589 2570 677 2614 Quid
707 2569 854 2608 metuis,
887 2580 929 2603 116
963 2567 1076 2615 qualis
1108 2573 1183 2603 erat
1214 2580 1293 2603 sors
1324 2573 1461 2615 perstet
1491 2568 1526 2603 in
1557 2567 1652 2604 illis?
1949 2577 2019 2610 (269)

535 2637 567 2663 54
694 2627 747 2660 An
778 2625 894 2661 nescis
926 2625 1038 2659 varias
1069 2623 1175 2659 relius
1206 2624 1321 2659 inesse
1351 2623 1469 2659 vices?

586 2683 622 2719 Si
655 2683 844 2731 quicquain
874 2681 1023 2716 istarum
1052 2681 1171 2728 potuit
1202 2692 1239 2716 se
1271 2680 1442 2715 extollere
1473 2693 1613 2721 reruni,

700 2738 789 2774 Illud
819 2737 911 2773 idem
940 2747 1047 2774 versa
1074 2742 1170 2772 sorte
1193 2738 1322 2783 perire
1345 2740 1471 2782 potest.
1947 2744 2018 2778 (272)

409 2905 452 2926 ²5²
484 2908 531 2938 Et
554 2906 634 2948 plus
661 2915 766 2947 quam
790 2905 880 2944 ista,
906 2903 959 2935 br.
977 2906 1002 2934 t.
1022 2903 1119 2934 sinit.
1143 2891 1149 2893 ⁴
1197 2901 1238 2922 ²⁶¹
1266 2901 1391 2933 secula
1418 2904 1512 2934 2...4.
1588 2900 1632 2921 ²⁶5
1658 2900 1781 2933 Caesar
1805 2903 1886 2943 post
1909 2900 2018 2931 Pata-

322 2963 417 2994 vium
444 2973 465 2993 a
489 2963 640 2993 Venetis
665 2964 917 3003 recuperatum
944 2970 1023 2991 cum
1047 2958 1222 2990 militibus
1256 2958 1438 3000 stipendia
1471 2958 1610 2990 solvere
1642 2968 1714 2989 non
1745 2959 1884 2999 posset,
1920 2966 2019 2988 exer-

325 3019 435 3049 citum
460 3018 616 3057 dimisit,
641 3017 810 3059 praesidio
834 3018 985 3048 Veronae
1011 3015 1156 3054 relicto,
1194 3018 1229 3046 et
1254 3025 1333 3046 cum
1357 3014 1565 3057 pontificem
1590 3013 1872 3055 Arragoniaeque
1898 3021 2020 3053 regem

325 3074 370 3105 ad
394 3074 653 3116 oppugnandos
678 3074 774 3116 ipsos
805 3073 974 3105 Venetos*
989 3083 1059 3103 non
1086 3074 1324 3111 conmoveret,
1352 3071 1485 3102 frustra
1505 3070 1547 3102 de
1566 3070 1722 3101 induciis
1741 3079 1819 3100 eum
1837 3067 1910 3100 illis
1930 3068 2017 3109 egit.
