<?xml version="1.0" encoding="UTF-8"?>
<!DOCTYPE html PUBLIC "-//W3C//DTD XHTML 1.0 Transitional//EN"
    "http://www.w3.org/TR/xhtml1/DTD/xhtml1-transitional.dtd">
<html xmlns="http://www.w3.org/1999/xhtml" xml:lang="en" lang="en">
 <head>
  <title>
</title>
<meta http-equiv="Content-Type" content="text/html;charset=utf-8" />
  <meta name='ocr-system' content='tesseract 3.04.00' />
  <meta name='ocr-capabilities' content='ocr_page ocr_carea ocr_par ocr_line ocrx_word'/>
</head>
<body>
  <div class='ocr_page' id='page_1' title='image "./operaquaereperir03huttuoft/operaquaereperir03huttuoft_0269.png"; bbox 0 0 2081 3517; ppageno 0'>
   <div class='ocr_carea' id='block_1_1' title="bbox 192 2814 245 2846">
    <p class='ocr_par' dir='ltr' id='par_1_1' title="bbox 192 2814 245 2846">
     <span class='ocr_line' id='line_1_1' title="bbox 192 2814 245 2846; baseline 0 0"><span class='ocrx_word' id='word_1_1' title='bbox 192 2814 245 2846; x_wconf 81' lang='lat'>67.</span> 
     </span>
    </p>
   </div>
   <div class='ocr_carea' id='block_1_2' title="bbox 385 225 1554 251">
    <p class='ocr_par' dir='ltr' id='par_1_2' title="bbox 385 225 1554 251">
     <span class='ocr_line' id='line_1_2' title="bbox 385 225 1554 251; baseline 0 -1"><span class='ocrx_word' id='word_1_2' title='bbox 385 230 547 251; x_wconf 80' lang='lat' dir='ltr'>HVTTENI</span> <span class='ocrx_word' id='word_1_3' title='bbox 565 229 612 250; x_wconf 80' lang='lat' dir='ltr'>AD</span> <span class='ocrx_word' id='word_1_4' title='bbox 631 229 806 251; x_wconf 77' lang='lat' dir='ltr'>CAESAREM</span> <span class='ocrx_word' id='word_1_5' title='bbox 825 229 1102 251; x_wconf 75' lang='lat' dir='ltr'>MAXIMILIANVM</span> <span class='ocrx_word' id='word_1_6' title='bbox 1121 229 1414 251; x_wconf 70' lang='lat' dir='ltr'>EPlGRAMMATVM</span> <span class='ocrx_word' id='word_1_7' title='bbox 1433 225 1554 251; x_wconf 79' lang='lat' dir='ltr'>Lt&#39;BER.</span> 
     </span>
    </p>
   </div>
   <div class='ocr_carea' id='block_1_3' title="bbox 327 330 1300 1250">
    <p class='ocr_par' dir='ltr' id='par_1_3' title="bbox 334 330 1263 642">
     <span class='ocr_line' id='line_1_3' title="bbox 334 330 1170 380; baseline 0 -11"><span class='ocrx_word' id='word_1_8' title='bbox 334 345 365 369; x_wconf 81' lang='lat'>15</span> <span class='ocrx_word' id='word_1_9' title='bbox 387 330 732 380; x_wconf 82' lang='lat' dir='ltr'>Incomprensibile</span> <span class='ocrx_word' id='word_1_10' title='bbox 763 336 800 369; x_wconf 88' lang='lat' dir='ltr'>et</span> <span class='ocrx_word' id='word_1_11' title='bbox 831 332 947 369; x_wconf 85' lang='lat' dir='ltr'>citum</span> <span class='ocrx_word' id='word_1_12' title='bbox 981 330 1170 369; x_wconf 78' lang='lat' dir='ltr'>volumen.</span> 
     </span>
     <span class='ocr_line' id='line_1_4' title="bbox 388 397 1250 447; baseline 0.002 -13"><span class='ocrx_word' id='word_1_13' title='bbox 388 397 485 435; x_wconf 80' lang='lat' dir='ltr'>Huic</span> <span class='ocrx_word' id='word_1_14' title='bbox 517 410 694 447; x_wconf 75' lang='lat' dir='ltr'>magnam</span> <span class='ocrx_word' id='word_1_15' title='bbox 727 399 861 436; x_wconf 82' lang='lat' dir='ltr'>Veneti</span> <span class='ocrx_word' id='word_1_16' title='bbox 893 398 1006 435; x_wconf 80' lang='lat' dir='ltr'>sideni</span> <span class='ocrx_word' id='word_1_17' title='bbox 1039 398 1250 442; x_wconf 80' lang='lat' dir='ltr'>dederunt,</span> 
     </span>
     <span class='ocr_line' id='line_1_5' title="bbox 381 464 1139 514; baseline 0.001 -13"><span class='ocrx_word' id='word_1_18' title='bbox 381 464 488 502; x_wconf 80' lang='lat' dir='ltr'>Hanc</span> <span class='ocrx_word' id='word_1_19' title='bbox 520 476 676 514; x_wconf 77' lang='lat' dir='ltr'>semper</span> <span class='ocrx_word' id='word_1_20' title='bbox 706 464 816 502; x_wconf 89' lang='lat' dir='ltr'>solito</span> <span class='ocrx_word' id='word_1_21' title='bbox 848 465 977 502; x_wconf 78' lang='lat' dir='ltr'>venire</span> <span class='ocrx_word' id='word_1_22' title='bbox 1009 464 1139 504; x_wconf 81' lang='lat' dir='ltr'><strong>Gallus</strong></span> 
     </span>
     <span class='ocr_line' id='line_1_6' title="bbox 380 530 1111 581; baseline 0 -12"><span class='ocrx_word' id='word_1_23' title='bbox 380 530 505 569; x_wconf 91' lang='lat' dir='ltr'>Cursu</span> <span class='ocrx_word' id='word_1_24' title='bbox 536 531 699 569; x_wconf 82' lang='lat' dir='ltr'>credidit</span> <span class='ocrx_word' id='word_1_25' title='bbox 730 536 767 569; x_wconf 84' lang='lat' dir='ltr'>et</span> <span class='ocrx_word' id='word_1_26' title='bbox 798 536 933 569; x_wconf 89' lang='lat' dir='ltr'>tenore</span> <span class='ocrx_word' id='word_1_27' title='bbox 967 536 1111 581; x_wconf 71' lang='lat' dir='ltr'>cwpto:</span> 
     </span>
     <span class='ocr_line' id='line_1_7' title="bbox 381 597 1263 642; baseline 0.002 -8"><span class='ocrx_word' id='word_1_28' title='bbox 381 598 521 636; x_wconf 75' lang='lat' dir='ltr'>Verum</span> <span class='ocrx_word' id='word_1_29' title='bbox 553 597 636 635; x_wconf 58' lang='lat' dir='ltr'>hiet:</span> <span class='ocrx_word' id='word_1_30' title='bbox 668 610 776 636; x_wconf 82' lang='lat' dir='ltr'>versa</span> <span class='ocrx_word' id='word_1_31' title='bbox 808 603 913 635; x_wconf 90' lang='lat' dir='ltr'>retro</span> <span class='ocrx_word' id='word_1_32' title='bbox 945 598 1078 636; x_wconf 79' lang='lat' dir='ltr'>fefellit</span> <span class='ocrx_word' id='word_1_33' title='bbox 1108 598 1263 642; x_wconf 88' lang='lat' dir='ltr'>ambos,</span> 
     </span>
    </p>

    <p class='ocr_par' dir='ltr' id='par_1_4' title="bbox 327 664 1300 914">
     <span class='ocr_line' id='line_1_8' title="bbox 327 664 1195 715; baseline 0.002 -14"><span class='ocrx_word' id='word_1_34' title='bbox 327 677 360 701; x_wconf 80' lang='lat'>20</span> <span class='ocrx_word' id='word_1_35' title='bbox 381 664 428 702; x_wconf 89' lang='lat' dir='ltr'>Et</span> <span class='ocrx_word' id='word_1_36' title='bbox 459 676 555 715; x_wconf 91' lang='lat' dir='ltr'>quos</span> <span class='ocrx_word' id='word_1_37' title='bbox 585 664 794 703; x_wconf 77' lang='lat' dir='ltr'>sustulerat</span> <span class='ocrx_word' id='word_1_38' title='bbox 826 664 955 703; x_wconf 80' lang='lat' dir='ltr'>favens</span> <span class='ocrx_word' id='word_1_39' title='bbox 987 666 1024 702; x_wconf 89' lang='lat' dir='ltr'>in</span> <span class='ocrx_word' id='word_1_40' title='bbox 1057 664 1195 707; x_wconf 90' lang='lat' dir='ltr'>altum,</span> 
     </span>
     <span class='ocr_line' id='line_1_9' title="bbox 378 731 1206 780; baseline 0.002 -12"><span class='ocrx_word' id='word_1_41' title='bbox 378 731 547 768; x_wconf 85' lang='lat' dir='ltr'>Rursum</span> <span class='ocrx_word' id='word_1_42' title='bbox 579 731 760 780; x_wconf 77' lang='lat' dir='ltr'>deprimit</span> <span class='ocrx_word' id='word_1_43' title='bbox 790 731 966 769; x_wconf 78' lang='lat' dir='ltr'>invidens</span> <span class='ocrx_word' id='word_1_44' title='bbox 997 732 1044 769; x_wconf 89' lang='lat' dir='ltr'>ad</span> <span class='ocrx_word' id='word_1_45' title='bbox 1075 733 1206 770; x_wconf 91' lang='lat' dir='ltr'>imum.</span> 
     </span>
     <span class='ocr_line' id='line_1_10' title="bbox 379 797 1300 848; baseline 0.001 -13"><span class='ocrx_word' id='word_1_46' title='bbox 379 798 560 835; x_wconf 81' lang='lat' dir='ltr'>Fortunae</span> <span class='ocrx_word' id='word_1_47' title='bbox 590 797 768 836; x_wconf 84' lang='lat' dir='ltr'>instabile</span> <span class='ocrx_word' id='word_1_48' title='bbox 788 803 858 836; x_wconf 82' lang='lat' dir='ltr'>est</span> <span class='ocrx_word' id='word_1_49' title='bbox 887 810 1104 848; x_wconf 80' lang='lat' dir='ltr'>vagumque</span> <span class='ocrx_word' id='word_1_50' title='bbox 1136 811 1300 843; x_wconf 88' lang='lat' dir='ltr'>numen;</span> 
     </span>
     <span class='ocr_line' id='line_1_11' title="bbox 379 864 1159 914; baseline 0.003 -13"><span class='ocrx_word' id='word_1_51' title='bbox 379 864 526 905; x_wconf 75' lang='lat' dir='ltr'>Virtus,</span> <span class='ocrx_word' id='word_1_52' title='bbox 561 876 659 914; x_wconf 86' lang='lat' dir='ltr'>quos</span> <span class='ocrx_word' id='word_1_53' title='bbox 690 864 823 907; x_wconf 85' lang='lat' dir='ltr'>hahet,</span> <span class='ocrx_word' id='word_1_54' title='bbox 859 864 975 903; x_wconf 76' lang='lat' dir='ltr'>efficit</span> <span class='ocrx_word' id='word_1_55' title='bbox 1006 864 1159 909; x_wconf 84' lang='lat' dir='ltr'>beatos,</span> 
     </span>
    </p>

    <p class='ocr_par' dir='ltr' id='par_1_5' title="bbox 378 931 1091 981">
     <span class='ocr_line' id='line_1_12' title="bbox 378 931 1091 981; baseline 0 -12"><span class='ocrx_word' id='word_1_56' title='bbox 378 931 424 969; x_wconf 86' lang='lat' dir='ltr'>Et</span> <span class='ocrx_word' id='word_1_57' title='bbox 454 931 579 981; x_wconf 83' lang='lat' dir='ltr'>siquid</span> <span class='ocrx_word' id='word_1_58' title='bbox 612 931 779 975; x_wconf 78' lang='lat' dir='ltr'>dederit,</span> <span class='ocrx_word' id='word_1_59' title='bbox 813 937 911 970; x_wconf 71' lang='lat' dir='ltr'>vetat</span> <span class='ocrx_word' id='word_1_60' title='bbox 942 931 1091 970; x_wconf 77' lang='lat' dir='ltr'>revelli:</span> 
     </span>
    </p>

    <p class='ocr_par' dir='ltr' id='par_1_6' title="bbox 327 997 1099 1042">
     <span class='ocr_line' id='line_1_13' title="bbox 327 997 1099 1042; baseline 0.003 -7"><span class='ocrx_word' id='word_1_61' title='bbox 327 1012 358 1036; x_wconf 74' lang='lat'>25</span> <span class='ocrx_word' id='word_1_62' title='bbox 381 997 449 1035; x_wconf 87' lang='lat' dir='ltr'>Cui</span> <span class='ocrx_word' id='word_1_63' title='bbox 480 998 603 1036; x_wconf 87' lang='lat' dir='ltr'>tidens</span> <span class='ocrx_word' id='word_1_64' title='bbox 635 999 763 1036; x_wconf 87' lang='lat' dir='ltr'>animo</span> <span class='ocrx_word' id='word_1_65' title='bbox 795 998 888 1036; x_wconf 80' lang='lat' dir='ltr'>nihil</span> <span class='ocrx_word' id='word_1_66' title='bbox 921 1000 1099 1042; x_wconf 87' lang='lat' dir='ltr'>timente,</span> 
     </span>
    </p>

    <p class='ocr_par' dir='ltr' id='par_1_7' title="bbox 377 1065 1127 1250">
     <span class='ocr_line' id='line_1_14' title="bbox 378 1065 1127 1110; baseline 0 -7"><span class='ocrx_word' id='word_1_67' title='bbox 378 1065 483 1103; x_wconf 86' lang='lat' dir='ltr'>Votis</span> <span class='ocrx_word' id='word_1_68' title='bbox 515 1065 714 1108; x_wconf 82' lang='lat' dir='ltr'>omnihus,</span> <span class='ocrx_word' id='word_1_69' title='bbox 749 1067 872 1104; x_wconf 81' lang='lat' dir='ltr'>exitus</span> <span class='ocrx_word' id='word_1_70' title='bbox 904 1066 941 1104; x_wconf 90' lang='lat' dir='ltr'>in</span> <span class='ocrx_word' id='word_1_71' title='bbox 973 1078 1127 1110; x_wconf 87' lang='lat' dir='ltr'>omnes,</span> 
     </span>
     <span class='ocr_line' id='line_1_15' title="bbox 377 1132 1117 1183; baseline 0.001 -13"><span class='ocrx_word' id='word_1_72' title='bbox 377 1132 587 1170; x_wconf 80' lang='lat' dir='ltr'>Terrarum</span> <span class='ocrx_word' id='word_1_73' title='bbox 619 1137 735 1182; x_wconf 84' lang='lat' dir='ltr'>caput</span> <span class='ocrx_word' id='word_1_74' title='bbox 765 1133 811 1170; x_wconf 88' lang='lat' dir='ltr'>ad</span> <span class='ocrx_word' id='word_1_75' title='bbox 843 1132 936 1170; x_wconf 83' lang='lat' dir='ltr'>nihil</span> <span class='ocrx_word' id='word_1_76' title='bbox 967 1134 1117 1183; x_wconf 80' lang='lat' dir='ltr'>redegit</span> 
     </span>
     <span class='ocr_line' id='line_1_16' title="bbox 378 1199 1127 1250; baseline 0.004 -14"><span class='ocrx_word' id='word_1_77' title='bbox 378 1199 470 1237; x_wconf 90' lang='lat' dir='ltr'>Cum</span> <span class='ocrx_word' id='word_1_78' title='bbox 504 1199 621 1237; x_wconf 92' lang='lat' dir='ltr'>Gallis</span> <span class='ocrx_word' id='word_1_79' title='bbox 652 1200 816 1238; x_wconf 79' lang='lat' dir='ltr'>Venetos</span> <span class='ocrx_word' id='word_1_80' title='bbox 847 1199 1127 1250; x_wconf 80' lang='lat' dir='ltr'>superbientes.</span> 
     </span>
    </p>
   </div>
   <div class='ocr_carea' id='block_1_4' title="bbox 295 1319 1307 1357">
    <p class='ocr_par' dir='ltr' id='par_1_8' title="bbox 295 1319 1307 1357">
     <span class='ocr_line' id='line_1_17' title="bbox 295 1319 1307 1357; baseline 0.002 -5"><span class='ocrx_word' id='word_1_81' title='bbox 295 1319 356 1357; x_wconf 85' lang='lat'>68.</span> <span class='ocrx_word' id='word_1_82' title='bbox 622 1324 685 1353; x_wconf 76' lang='lat' dir='ltr'>DE</span> <span class='ocrx_word' id='word_1_83' title='bbox 714 1322 941 1353; x_wconf 76' lang='lat' dir='ltr'>FORTVNA</span> <span class='ocrx_word' id='word_1_84' title='bbox 968 1323 1030 1353; x_wconf 78' lang='lat' dir='ltr'>AD</span> <span class='ocrx_word' id='word_1_85' title='bbox 1059 1322 1307 1354; x_wconf 70' lang='lat' dir='ltr'>CAESAREM.</span> 
     </span>
    </p>
   </div>
   <div class='ocr_carea' id='block_1_5' title="bbox 341 1400 1540 1922">
    <p class='ocr_par' dir='ltr' id='par_1_9' title="bbox 341 1400 1540 1922">
     <span class='ocr_line' id='line_1_18' title="bbox 375 1400 1488 1452; baseline 0.001 -13"><span class='ocrx_word' id='word_1_86' title='bbox 375 1401 500 1439; x_wconf 87' lang='lat' dir='ltr'>Tarda</span> <span class='ocrx_word' id='word_1_87' title='bbox 534 1401 710 1451; x_wconf 84' lang='lat' dir='ltr'>quidem,</span> <span class='ocrx_word' id='word_1_88' title='bbox 745 1401 810 1438; x_wconf 83' lang='lat' dir='ltr'>sed</span> <span class='ocrx_word' id='word_1_89' title='bbox 845 1402 971 1452; x_wconf 87' lang='lat' dir='ltr'>opima</span> <span class='ocrx_word' id='word_1_90' title='bbox 1006 1400 1072 1439; x_wconf 88' lang='lat' dir='ltr'>tibi</span> <span class='ocrx_word' id='word_1_91' title='bbox 1104 1401 1278 1439; x_wconf 82' lang='lat' dir='ltr'>Fortuna</span> <span class='ocrx_word' id='word_1_92' title='bbox 1309 1402 1488 1440; x_wconf 85' lang='lat' dir='ltr'>resultat:</span> 
     </span>
     <span class='ocr_line' id='line_1_19' title="bbox 489 1469 1461 1519; baseline 0 -12"><span class='ocrx_word' id='word_1_93' title='bbox 489 1469 582 1514; x_wconf 79' lang='lat' dir='ltr'>Quae</span> <span class='ocrx_word' id='word_1_94' title='bbox 614 1469 771 1506; x_wconf 83' lang='lat' dir='ltr'>veniunt</span> <span class='ocrx_word' id='word_1_95' title='bbox 802 1469 953 1519; x_wconf 76' lang='lat' dir='ltr'>cupidis</span> <span class='ocrx_word' id='word_1_96' title='bbox 984 1480 1088 1511; x_wconf 84' lang='lat' dir='ltr'>sera,</span> <span class='ocrx_word' id='word_1_97' title='bbox 1125 1473 1250 1506; x_wconf 82' lang='lat' dir='ltr'>tamen</span> <span class='ocrx_word' id='word_1_98' title='bbox 1285 1470 1461 1507; x_wconf 80' lang='lat' dir='ltr'>veniunt:</span> 
     </span>
     <span class='ocr_line' id='line_1_20' title="bbox 375 1535 1473 1586; baseline 0.002 -14"><span class='ocrx_word' id='word_1_99' title='bbox 375 1535 522 1586; x_wconf 81' lang='lat' dir='ltr'>Iupiter</span> <span class='ocrx_word' id='word_1_100' title='bbox 554 1535 616 1574; x_wconf 92' lang='lat' dir='ltr'>ille</span> <span class='ocrx_word' id='word_1_101' title='bbox 650 1540 738 1574; x_wconf 90' lang='grc'><strong>111115</strong></span> <span class='ocrx_word' id='word_1_102' title='bbox 769 1535 840 1573; x_wconf 75' lang='grc'><strong>11111</strong></span> <span class='ocrx_word' id='word_1_103' title='bbox 872 1535 962 1573; x_wconf 88' lang='grc'><strong>1111111</strong></span> <span class='ocrx_word' id='word_1_104' title='bbox 995 1535 1096 1573; x_wconf 86' lang='lat' dir='ltr'>bona</span> <span class='ocrx_word' id='word_1_105' title='bbox 1129 1540 1321 1585; x_wconf 84' lang='lat' dir='ltr'>temperat</span> <span class='ocrx_word' id='word_1_106' title='bbox 1351 1542 1473 1580; x_wconf 86' lang='lat' dir='ltr'>astra,</span> 
     </span>
     <span class='ocr_line' id='line_1_21' title="bbox 341 1602 1449 1652; baseline 0 -11"><span class='ocrx_word' id='word_1_107' title='bbox 341 1617 356 1641; x_wconf 76' lang='lat'>4</span> <span class='ocrx_word' id='word_1_108' title='bbox 493 1603 683 1649; x_wconf 86' lang='lat' dir='ltr'>Quiddam</span> <span class='ocrx_word' id='word_1_109' title='bbox 717 1616 735 1641; x_wconf 79' lang='lat' dir='ltr'>a</span> <span class='ocrx_word' id='word_1_110' title='bbox 769 1603 955 1643; x_wconf 83' lang='lat' dir='ltr'>Saturno,</span> <span class='ocrx_word' id='word_1_111' title='bbox 990 1615 1037 1641; x_wconf 89' lang='lat' dir='ltr'>ne</span> <span class='ocrx_word' id='word_1_112' title='bbox 1069 1603 1144 1641; x_wconf 88' lang='lat' dir='ltr'>cito</span> <span class='ocrx_word' id='word_1_113' title='bbox 1177 1602 1261 1646; x_wconf 83' lang='lat' dir='ltr'>det,</span> <span class='ocrx_word' id='word_1_114' title='bbox 1295 1604 1449 1652; x_wconf 88' lang='lat' dir='ltr'>patitur.</span> 
     </span>
     <span class='ocr_line' id='line_1_22' title="bbox 372 1669 1351 1720; baseline -0.001 -12"><span class='ocrx_word' id='word_1_115' title='bbox 372 1670 559 1720; x_wconf 84' lang='lat' dir='ltr'>Impediat</span> <span class='ocrx_word' id='word_1_116' title='bbox 590 1669 678 1708; x_wconf 80' lang='lat' dir='ltr'>licet</span> <span class='ocrx_word' id='word_1_117' title='bbox 708 1669 790 1713; x_wconf 87' lang='lat' dir='ltr'>ille,</span> <span class='ocrx_word' id='word_1_118' title='bbox 824 1674 950 1708; x_wconf 84' lang='lat' dir='ltr'>tamen</span> <span class='ocrx_word' id='word_1_119' title='bbox 983 1669 1208 1708; x_wconf 85' lang='lat' dir='ltr'>melioribus</span> <span class='ocrx_word' id='word_1_120' title='bbox 1239 1671 1351 1707; x_wconf 87' lang='lat' dir='ltr'>astris</span> 
     </span>
     <span class='ocr_line' id='line_1_23' title="bbox 487 1737 1399 1787; baseline 0 -13"><span class='ocrx_word' id='word_1_121' title='bbox 487 1739 585 1775; x_wconf 84' lang='lat' dir='ltr'>Sunt</span> <span class='ocrx_word' id='word_1_122' title='bbox 615 1737 681 1775; x_wconf 87' lang='lat' dir='ltr'>tihi</span> <span class='ocrx_word' id='word_1_123' title='bbox 714 1737 771 1775; x_wconf 75' lang='lat' dir='ltr'>vel</span> <span class='ocrx_word' id='word_1_124' title='bbox 803 1738 927 1775; x_wconf 82' lang='lat' dir='ltr'>inedia</span> <span class='ocrx_word' id='word_1_125' title='bbox 960 1738 1081 1775; x_wconf 76' lang='lat' dir='ltr'>fausta</span> <span class='ocrx_word' id='word_1_126' title='bbox 1113 1742 1246 1787; x_wconf 84' lang='lat' dir='ltr'>parata</span> <span class='ocrx_word' id='word_1_127' title='bbox 1279 1749 1399 1775; x_wconf 87' lang='lat' dir='ltr'>mora.</span> 
     </span>
     <span class='ocr_line' id='line_1_24' title="bbox 376 1804 1540 1856; baseline 0 -13"><span class='ocrx_word' id='word_1_128' title='bbox 376 1805 520 1856; x_wconf 67' lang='lat' dir='ltr'>Sydera</span> <span class='ocrx_word' id='word_1_129' title='bbox 553 1806 783 1855; x_wconf 87' lang='lat' dir='ltr'>promittunt</span> <span class='ocrx_word' id='word_1_130' title='bbox 813 1805 985 1843; x_wconf 86' lang='lat' dir='ltr'>meliora.</span> <span class='ocrx_word' id='word_1_131' title='bbox 1038 1805 1129 1855; x_wconf 87' lang='lat' dir='ltr'>qnid</span> <span class='ocrx_word' id='word_1_132' title='bbox 1162 1804 1351 1853; x_wconf 73' lang='lat' dir='ltr'>ambigis?</span> <span class='ocrx_word' id='word_1_133' title='bbox 1383 1817 1429 1843; x_wconf 90' lang='lat' dir='ltr'>an</span> <span class='ocrx_word' id='word_1_134' title='bbox 1463 1817 1540 1843; x_wconf 91' lang='lat' dir='ltr'>non</span> 
     </span>
     <span class='ocr_line' id='line_1_25' title="bbox 341 1872 1492 1922; baseline 0.003 -15"><span class='ocrx_word' id='word_1_135' title='bbox 341 1887 355 1907; x_wconf 56' lang='grc' dir='ltr'>κ</span> <span class='ocrx_word' id='word_1_136' title='bbox 489 1872 656 1911; x_wconf 90' lang='lat' dir='ltr'>Tardior</span> <span class='ocrx_word' id='word_1_137' title='bbox 687 1872 733 1910; x_wconf 91' lang='lat' dir='ltr'>ad</span> <span class='ocrx_word' id='word_1_138' title='bbox 767 1876 897 1910; x_wconf 79' lang='lat' dir='ltr'>votum</span> <span class='ocrx_word' id='word_1_139' title='bbox 930 1877 987 1910; x_wconf 87' lang='lat' dir='ltr'>est</span> <span class='ocrx_word' id='word_1_140' title='bbox 1018 1872 1160 1922; x_wconf 90' lang='lat' dir='ltr'>optima</span> <span class='ocrx_word' id='word_1_141' title='bbox 1193 1884 1355 1922; x_wconf 80' lang='lat' dir='ltr'>quaeque</span> <span class='ocrx_word' id='word_1_142' title='bbox 1388 1872 1492 1910; x_wconf 76' lang='lat' dir='ltr'>dies‘?</span> 
     </span>
    </p>
   </div>
   <div class='ocr_carea' id='block_1_6' title="bbox 293 1993 1251 2030">
    <p class='ocr_par' dir='ltr' id='par_1_10' title="bbox 293 1993 1251 2030">
     <span class='ocr_line' id='line_1_26' title="bbox 293 1993 1251 2030; baseline -0.005 0"><span class='ocrx_word' id='word_1_143' title='bbox 293 1993 344 2030; x_wconf 83' lang='lat'>69</span> <span class='ocrx_word' id='word_1_144' title='bbox 669 1996 733 2026; x_wconf 78' lang='lat' dir='ltr'>DE</span> <span class='ocrx_word' id='word_1_145' title='bbox 763 1995 923 2027; x_wconf 78' lang='lat' dir='ltr'>GALLO</span> <span class='ocrx_word' id='word_1_146' title='bbox 950 1995 1013 2025; x_wconf 72' lang='grc' dir='ltr'>ΕΤ</span> <span class='ocrx_word' id='word_1_147' title='bbox 1041 1994 1251 2026; x_wconf 76' lang='lat' dir='ltr'>CAESARE.</span> 
     </span>
    </p>
   </div>
   <div class='ocr_carea' id='block_1_7' title="bbox 339 2073 1510 2326">
    <p class='ocr_par' dir='ltr' id='par_1_11' title="bbox 375 2073 1504 2192">
     <span class='ocr_line' id='line_1_27' title="bbox 375 2073 1417 2122; baseline -0.001 -10"><span class='ocrx_word' id='word_1_148' title='bbox 375 2074 509 2112; x_wconf 87' lang='lat' dir='ltr'>Omnia</span> <span class='ocrx_word' id='word_1_149' title='bbox 542 2078 632 2112; x_wconf 92' lang='lat' dir='ltr'>sunt</span> <span class='ocrx_word' id='word_1_150' title='bbox 663 2073 781 2117; x_wconf 88' lang='lat' dir='ltr'>Galli,</span> <span class='ocrx_word' id='word_1_151' title='bbox 816 2078 950 2112; x_wconf 87' lang='lat' dir='ltr'>contra</span> <span class='ocrx_word' id='word_1_152' title='bbox 983 2074 1079 2122; x_wconf 87' lang='lat' dir='ltr'>petit</span> <span class='ocrx_word' id='word_1_153' title='bbox 1110 2074 1235 2112; x_wconf 84' lang='lat' dir='ltr'>onmia</span> <span class='ocrx_word' id='word_1_154' title='bbox 1269 2073 1417 2112; x_wconf 85' lang='lat' dir='ltr'>Caesar:</span> 
     </span>
     <span class='ocr_line' id='line_1_28' title="bbox 487 2140 1504 2192; baseline -0.001 -13"><span class='ocrx_word' id='word_1_155' title='bbox 487 2141 553 2180; x_wconf 87' lang='lat' dir='ltr'>llle</span> <span class='ocrx_word' id='word_1_156' title='bbox 585 2142 687 2192; x_wconf 87' lang='lat' dir='ltr'>quod</span> <span class='ocrx_word' id='word_1_157' title='bbox 721 2146 777 2180; x_wconf 91' lang='lat' dir='ltr'>est</span> <span class='ocrx_word' id='word_1_158' title='bbox 811 2141 971 2185; x_wconf 83' lang='lat' dir='ltr'>fruitur,</span> <span class='ocrx_word' id='word_1_159' title='bbox 1005 2141 1066 2179; x_wconf 81' lang='lat' dir='ltr'>hic</span> <span class='ocrx_word' id='word_1_160' title='bbox 1099 2141 1201 2191; x_wconf 90' lang='lat' dir='ltr'>quod</span> <span class='ocrx_word' id='word_1_161' title='bbox 1233 2140 1342 2179; x_wconf 83' lang='lat' dir='ltr'>abest</span> <span class='ocrx_word' id='word_1_162' title='bbox 1372 2140 1504 2179; x_wconf 87' lang='lat' dir='ltr'>inhiat.</span> 
     </span>
    </p>

    <p class='ocr_par' dir='ltr' id='par_1_12' title="bbox 339 2208 1510 2326">
     <span class='ocr_line' id='line_1_29' title="bbox 375 2208 1433 2258; baseline 0 -11"><span class='ocrx_word' id='word_1_163' title='bbox 375 2209 450 2247; x_wconf 86' lang='lat' dir='ltr'>Fac</span> <span class='ocrx_word' id='word_1_164' title='bbox 481 2208 613 2253; x_wconf 85' lang='grc'><strong>1111105,</strong></span> <span class='ocrx_word' id='word_1_165' title='bbox 647 2209 839 2253; x_wconf 87' lang='lat' dir='ltr'>Fortuna,</span> <span class='ocrx_word' id='word_1_166' title='bbox 873 2208 1043 2258; x_wconf 86' lang='lat' dir='ltr'>aliquos,</span> <span class='ocrx_word' id='word_1_167' title='bbox 1076 2213 1221 2247; x_wconf 87' lang='lat' dir='ltr'>mutata</span> <span class='ocrx_word' id='word_1_168' title='bbox 1253 2213 1433 2258; x_wconf 83' lang='lat' dir='ltr'>repente,</span> 
     </span>
     <span class='ocr_line' id='line_1_30' title="bbox 339 2275 1510 2326; baseline -0.001 -12"><span class='ocrx_word' id='word_1_169' title='bbox 339 2290 352 2314; x_wconf 73' lang='lat'>4</span> <span class='ocrx_word' id='word_1_170' title='bbox 488 2277 614 2315; x_wconf 85' lang='lat' dir='ltr'>Caesar</span> <span class='ocrx_word' id='word_1_171' title='bbox 645 2281 687 2314; x_wconf 89' lang='lat' dir='ltr'>ut</span> <span class='ocrx_word' id='word_1_172' title='bbox 717 2277 798 2314; x_wconf 80' lang='lat' dir='ltr'>liaec</span> <span class='ocrx_word' id='word_1_173' title='bbox 830 2276 990 2321; x_wconf 85' lang='lat' dir='ltr'>habeat,</span> <span class='ocrx_word' id='word_1_174' title='bbox 1024 2275 1154 2315; x_wconf 90' lang='lat' dir='ltr'>Gallus</span> <span class='ocrx_word' id='word_1_175' title='bbox 1185 2280 1227 2314; x_wconf 90' lang='lat' dir='ltr'>ut</span> <span class='ocrx_word' id='word_1_176' title='bbox 1257 2275 1338 2313; x_wconf 79' lang='lat' dir='ltr'>haec</span> <span class='ocrx_word' id='word_1_177' title='bbox 1371 2276 1510 2326; x_wconf 77' lang='lat' dir='ltr'>cupiat.</span> 
     </span>
    </p>
   </div>
   <div class='ocr_carea' id='block_1_8' title="bbox 283 2397 1100 2436">
    <p class='ocr_par' dir='ltr' id='par_1_13' title="bbox 283 2397 1100 2436">
     <span class='ocr_line' id='line_1_31' title="bbox 283 2397 1100 2436; baseline -0.006 -1"><span class='ocrx_word' id='word_1_178' title='bbox 283 2397 348 2436; x_wconf 76' lang='lat'>70.</span> <span class='ocrx_word' id='word_1_179' title='bbox 833 2400 896 2431; x_wconf 84' lang='lat' dir='ltr'>DE</span> <span class='ocrx_word' id='word_1_180' title='bbox 923 2400 1100 2431; x_wconf 75' lang='lat' dir='ltr'>ITALIA.</span> 
     </span>
    </p>
   </div>
   <div class='ocr_carea' id='block_1_9' title="bbox 337 2477 1464 2731">
    <p class='ocr_par' dir='ltr' id='par_1_14' title="bbox 337 2477 1464 2731">
     <span class='ocr_line' id='line_1_32' title="bbox 373 2477 1464 2529; baseline 0 -13"><span class='ocrx_word' id='word_1_181' title='bbox 373 2479 546 2516; x_wconf 76' lang='lat' dir='ltr'>Victores</span> <span class='ocrx_word' id='word_1_182' title='bbox 578 2478 692 2529; x_wconf 88' lang='lat' dir='ltr'>paulo</span> <span class='ocrx_word' id='word_1_183' title='bbox 725 2483 813 2517; x_wconf 87' lang='lat' dir='ltr'>ante</span> <span class='ocrx_word' id='word_1_184' title='bbox 844 2491 965 2529; x_wconf 89' lang='lat' dir='ltr'>penes</span> <span class='ocrx_word' id='word_1_185' title='bbox 997 2490 1081 2516; x_wconf 87' lang='lat' dir='ltr'>sors</span> <span class='ocrx_word' id='word_1_186' title='bbox 1113 2490 1300 2529; x_wconf 88' lang='lat' dir='ltr'>prospera</span> <span class='ocrx_word' id='word_1_187' title='bbox 1334 2477 1464 2517; x_wconf 87' lang='lat' dir='ltr'>Gallos</span> 
     </span>
     <span class='ocr_line' id='line_1_33' title="bbox 490 2545 1406 2589; baseline 0 -5"><span class='ocrx_word' id='word_1_188' title='bbox 490 2546 585 2584; x_wconf 85' lang='lat' dir='ltr'>Cum</span> <span class='ocrx_word' id='word_1_189' title='bbox 618 2546 738 2589; x_wconf 83' lang='lat' dir='ltr'>foret,</span> <span class='ocrx_word' id='word_1_190' title='bbox 772 2548 809 2585; x_wconf 92' lang='lat' dir='ltr'>in</span> <span class='ocrx_word' id='word_1_191' title='bbox 843 2547 950 2585; x_wconf 91' lang='lat' dir='ltr'>Latio</span> <span class='ocrx_word' id='word_1_192' title='bbox 984 2545 1112 2584; x_wconf 86' lang='lat' dir='ltr'>sabula</span> <span class='ocrx_word' id='word_1_193' title='bbox 1145 2546 1271 2584; x_wconf 72' lang='lat' dir='ltr'>Caesar</span> <span class='ocrx_word' id='word_1_194' title='bbox 1303 2551 1406 2584; x_wconf 89' lang='lat' dir='ltr'>erat:</span> 
     </span>
     <span class='ocr_line' id='line_1_34' title="bbox 373 2614 1303 2657; baseline 0.001 -7"><span class='ocrx_word' id='word_1_195' title='bbox 373 2614 493 2652; x_wconf 80' lang='lat' dir='ltr'>Vertit</span> <span class='ocrx_word' id='word_1_196' title='bbox 525 2626 565 2651; x_wconf 89' lang='lat' dir='ltr'>se</span> <span class='ocrx_word' id='word_1_197' title='bbox 596 2614 768 2652; x_wconf 88' lang='lat' dir='ltr'>Fortuna</span> <span class='ocrx_word' id='word_1_198' title='bbox 800 2619 924 2657; x_wconf 89' lang='grc'><strong>16110,</strong></span> <span class='ocrx_word' id='word_1_199' title='bbox 958 2614 1164 2652; x_wconf 76' lang='lat' dir='ltr'>Germania</span> <span class='ocrx_word' id='word_1_200' title='bbox 1197 2614 1303 2656; x_wconf 82' lang='lat' dir='ltr'>vicit,</span> 
     </span>
     <span class='ocr_line' id='line_1_35' title="bbox 337 2680 1230 2731; baseline -0.002 -11"><span class='ocrx_word' id='word_1_201' title='bbox 337 2696 351 2720; x_wconf 72' lang='lat'>4</span> <span class='ocrx_word' id='word_1_202' title='bbox 489 2682 698 2719; x_wconf 71' lang='lat' dir='ltr'>Confestim</span> <span class='ocrx_word' id='word_1_203' title='bbox 732 2681 863 2720; x_wconf 88' lang='lat' dir='ltr'>Gallus</span> <span class='ocrx_word' id='word_1_204' title='bbox 895 2681 1072 2731; x_wconf 83' lang='lat' dir='ltr'>displicet</span> <span class='ocrx_word' id='word_1_205' title='bbox 1102 2680 1230 2719; x_wconf 83' lang='lat' dir='ltr'>ltaliae.</span> 
     </span>
    </p>
   </div>
   <div class='ocr_carea' id='block_1_10' title="bbox 287 2813 839 2857">
    <p class='ocr_par' dir='ltr' id='par_1_15' title="bbox 287 2813 839 2857">
     <span class='ocr_line' id='line_1_36' title="bbox 287 2813 839 2857; baseline 0.002 -11"><span class='ocrx_word' id='word_1_206' title='bbox 287 2814 315 2834; x_wconf 83' lang='lat'>²⁷</span> <span class='ocrx_word' id='word_1_207' title='bbox 340 2816 534 2846; x_wconf 84' lang='lat' dir='ltr'>Terrarum</span> <span class='ocrx_word' id='word_1_208' title='bbox 554 2813 676 2857; x_wconf 81' lang='lat' dir='ltr'>eaput]</span> <span class='ocrx_word' id='word_1_209' title='bbox 705 2816 839 2847; x_wconf 81' lang='lat' dir='ltr'>Caesar.</span> 
     </span>
    </p>
   </div>
   <div class='ocr_carea' id='block_1_11' title="bbox 1723 209 1818 255">
    <p class='ocr_par' dir='ltr' id='par_1_16' title="bbox 1723 209 1818 255">
     <span class='ocr_line' id='line_1_37' title="bbox 1723 209 1818 255; baseline 0.011 -1"><span class='ocrx_word' id='word_1_210' title='bbox 1723 209 1818 255; x_wconf 84' lang='lat'>233</span> 
     </span>
    </p>
   </div>
   <div class='ocr_carea' id='block_1_12' title="bbox 191 2870 1810 2913">
    <p class='ocr_par' dir='ltr' id='par_1_17' title="bbox 191 2870 1810 2913">
     <span class='ocr_line' id='line_1_38' title="bbox 191 2870 1810 2913; baseline 0.001 -11"><span class='ocrx_word' id='word_1_211' title='bbox 191 2870 244 2903; x_wconf 84' lang='lat'>68.</span> <span class='ocrx_word' id='word_1_212' title='bbox 285 2870 325 2891; x_wconf 62' lang='grc' dir='ltr'>(Μ</span> <span class='ocrx_word' id='word_1_213' title='bbox 352 2872 447 2903; x_wconf 86' lang='lat' dir='ltr'>Iovis</span> <span class='ocrx_word' id='word_1_214' title='bbox 473 2872 617 2903; x_wconf 84' lang='lat' dir='ltr'>stellam</span> <span class='ocrx_word' id='word_1_215' title='bbox 645 2872 860 2913; x_wconf 78' lang='lat' dir='ltr'>benignam,</span> <span class='ocrx_word' id='word_1_216' title='bbox 897 2872 1044 2903; x_wconf 75' lang='lat' dir='ltr'>Saturni</span> <span class='ocrx_word' id='word_1_217' title='bbox 1076 2871 1273 2913; x_wconf 81' lang='lat' dir='ltr'>malignam</span> <span class='ocrx_word' id='word_1_218' title='bbox 1309 2881 1389 2901; x_wconf 80' lang='lat' dir='ltr'>esse</span> <span class='ocrx_word' id='word_1_219' title='bbox 1416 2871 1595 2912; x_wconf 81' lang='lat' dir='ltr'>putabant</span> <span class='ocrx_word' id='word_1_220' title='bbox 1623 2871 1810 2913; x_wconf 85' lang='lat' dir='ltr'>astrologi.</span> 
     </span>
    </p>
   </div>
   <div class='ocr_carea' id='block_1_13' title="bbox 104 2927 270 2968">
    <p class='ocr_par' dir='ltr' id='par_1_18' title="bbox 104 2927 270 2968">
     <span class='ocr_line' id='line_1_39' title="bbox 104 2927 270 2968; baseline 0 -10"><span class='ocrx_word' id='word_1_221' title='bbox 104 2928 186 2968; x_wconf 80' lang='lat' dir='ltr'>Hpt.</span> <span class='ocrx_word' id='word_1_222' title='bbox 258 2927 270 2946; x_wconf 90' lang='lat'>⁷</span> 
     </span>
    </p>
   </div>
   <div class='ocr_carea' id='block_1_14' title="bbox 296 2928 545 2959">
    <p class='ocr_par' dir='ltr' id='par_1_19' title="bbox 296 2928 545 2959">
     <span class='ocr_line' id='line_1_40' title="bbox 296 2928 545 2959; baseline 0 -1"><span class='ocrx_word' id='word_1_223' title='bbox 296 2928 424 2959; x_wconf 81' lang='lat' dir='ltr'>Sidera</span> <span class='ocrx_word' id='word_1_224' title='bbox 450 2931 493 2959; x_wconf 88' lang='lat'>2..</span> <span class='ocrx_word' id='word_1_225' title='bbox 514 2930 545 2959; x_wconf 57' lang='grc' dir='ltr'>«Ι.</span> 
     </span>
    </p>
   </div>
   <div class='ocr_carea' id='block_1_15' title="bbox 190 2971 1813 3026">
    <p class='ocr_par' dir='ltr' id='par_1_20' title="bbox 190 2971 1813 3026">
     <span class='ocr_line' id='line_1_41' title="bbox 190 2971 1813 3026; baseline 0.001 -12"><span class='ocrx_word' id='word_1_226' title='bbox 190 2982 244 3014; x_wconf 79' lang='grc'>69.</span> <span class='ocrx_word' id='word_1_227' title='bbox 288 2984 339 3014; x_wconf 84' lang='lat' dir='ltr'>Ad</span> <span class='ocrx_word' id='word_1_228' title='bbox 373 2988 506 3016; x_wconf 87' lang='lat' dir='ltr'>statum</span> <span class='ocrx_word' id='word_1_229' title='bbox 540 2995 655 3015; x_wconf 81' lang='lat' dir='ltr'>rerum</span> <span class='ocrx_word' id='word_1_230' title='bbox 683 2984 893 3015; x_wconf 80' lang='lat' dir='ltr'>Italicarum</span> <span class='ocrx_word' id='word_1_231' title='bbox 922 2985 1039 3026; x_wconf 84' lang='lat' dir='ltr'>qualis</span> <span class='ocrx_word' id='word_1_232' title='bbox 1066 2995 1097 3015; x_wconf 86' lang='lat' dir='ltr'>a.</span> <span class='ocrx_word' id='word_1_233' title='bbox 1123 2983 1218 3014; x_wconf 73' lang='lat'>1512.</span> <span class='ocrx_word' id='word_1_234' title='bbox 1241 2983 1316 3014; x_wconf 86' lang='lat' dir='ltr'>fere</span> <span class='ocrx_word' id='word_1_235' title='bbox 1345 2971 1483 3022; x_wconf 80' lang='lat' dir='ltr'>fue&#39;rat,</span> <span class='ocrx_word' id='word_1_236' title='bbox 1517 2983 1595 3014; x_wconf 85' lang='lat' dir='ltr'>haec</span> <span class='ocrx_word' id='word_1_237' title='bbox 1630 2987 1713 3026; x_wconf 79' lang='lat' dir='ltr'>apte</span> <span class='ocrx_word' id='word_1_238' title='bbox 1740 2984 1813 3016; x_wconf 85' lang='lat' dir='ltr'>diei</span> 
     </span>
    </p>
   </div>
   <div class='ocr_carea' id='block_1_16' title="bbox 99 3038 278 3126">
    <p class='ocr_par' dir='ltr' id='par_1_21' title="bbox 99 3038 278 3126">
     <span class='ocr_line' id='line_1_42' title="bbox 99 3038 278 3070; baseline 0 -1"><span class='ocrx_word' id='word_1_239' title='bbox 99 3038 278 3070; x_wconf 86' lang='lat' dir='ltr'>videntur.</span> 
     </span>
     <span class='ocr_line' id='line_1_43' title="bbox 192 3094 245 3126; baseline 0.019 -1"><span class='ocrx_word' id='word_1_240' title='bbox 192 3094 245 3126; x_wconf 87' lang='lat'>70.</span> 
     </span>
    </p>
   </div>
   <div class='ocr_carea' id='block_1_17' title="bbox 290 3095 833 3137">
    <p class='ocr_par' dir='ltr' id='par_1_22' title="bbox 290 3095 833 3137">
     <span class='ocr_line' id='line_1_44' title="bbox 290 3095 833 3137; baseline 0.002 -11"><span class='ocrx_word' id='word_1_241' title='bbox 290 3095 347 3126; x_wconf 83' lang='lat' dir='ltr'>Cf.</span> <span class='ocrx_word' id='word_1_242' title='bbox 367 3096 411 3126; x_wconf 79' lang='lat' dir='ltr'>ad</span> <span class='ocrx_word' id='word_1_243' title='bbox 439 3097 551 3137; x_wconf 84' lang='lat' dir='ltr'>epigr.</span> <span class='ocrx_word' id='word_1_244' title='bbox 571 3096 626 3127; x_wconf 80' lang='lat'>67.</span> <span class='ocrx_word' id='word_1_245' title='bbox 648 3096 833 3127; x_wconf 76' lang='lat' dir='ltr'>adnotata.</span> 
     </span>
    </p>
   </div>
  </div>
 </body>
</html>
