2081 3517
307 195 404 239 416
609 214 647 235 IN
666 214 884 237 TRIVMPHVM
902 213 1105 236 REVCHLINI
1122 212 1311 234 ENCOMION
1328 211 1555 234 ELEVTm-:Rn
1574 212 1720 234 BYZENI.

307 316 350 347 de
378 315 563 347 celebrato
592 316 776 347 ‘Encomio
794 313 1011 353 Reuchlini',
1040 314 1077 344 in
1101 313 1394 354 perturbationes
1420 323 1630 354 erroresque
1657 313 1739 345 illos
1764 314 1934 345 inductus
1959 314 2010 346 vi-

306 372 420 403 detur.
446 371 546 403 illam
564 371 857 402 Murmellianam
885 369 1039 400 ‘laudem
1065 368 1109 400 de
1127 368 1338 400 Reuchlino'
1365 369 1533 409 inveniri,
1560 379 1752 410 numquam
1779 373 1898 400 autem
1916 370 2010 401 Mur·

307 427 465 459 mellium
490 427 679 469 Triumphi
705 429 889 458 auctorem
914 424 1061 466 probari
1086 434 1190 466 posse
1216 425 1287 455 nisi
1312 424 1345 455 ei
1371 425 1431 465 qui
1456 434 1583 455 nasum
1608 434 1677 455 non
1702 424 1815 456 habet
1838 428 1936 467 puto.

394 484 599 515 Eleutherii
623 482 761 523 Byzeni
794 481 831 512 in
864 480 1066 512 encomium
1098 479 1335 521 triumphanti
1361 480 1545 521 Capnioni
1577 479 1811 511 decantatum
1845 481 1889 512 ad
1915 481 2011 522 prin-

307 540 423 581 cipem
455 537 541 581 [sie]
567 549 609 570 ac
642 537 811 579 populum
838 536 1099 568 Germanorum
1123 535 1394 577 praefationem,
1428 535 1578 567 carmini
1604 540 1843 577 praeeuntem,
1872 540 1908 567 et
1933 546 2012 578 quae

307 594 424 626 ‘autor
449 594 690 635 theologistis'
715 593 752 623 in
777 592 847 623 fine
871 591 957 623 libri
983 591 1210 623 conminatus
1229 594 1295 631 est,
1321 601 1431 633 supra
1457 591 1542 630 (vol.
1560 592 1589 622 Ι.
1608 602 1642 624 n.
1662 591 1740 624 CII.
1759 603 1792 633 p.
1812 591 2012 631 236...‘238.)

307 651 544 682 exhibuimus.
578 650 614 680 in
642 647 770 690 quibus
795 647 979 689 partibus,
1011 651 1092 689 post
1123 658 1167 680 ea
1197 658 1275 689 quae
1307 657 1416 689 supra
1441 647 1628 689 disputata
1659 652 1759 687 sunt,
1792 658 1898 679 nemo
1923 648 2012 678 Hut-

307 707 382 738 teni
408 707 629 747 epigramma
656 703 920 745 extemporale,
949 703 991 734 de
1019 713 1086 744 quo
1110 703 1297 735 Mutianus
1323 703 1368 734 ad
1393 703 1593 735 Henricum
1617 703 1806 735 Urbanum
1833 707 1869 735 et
1892 703 2012 735 Eoba-

306 771 389 792 num
413 762 568 793 Hessum
594 760 741 802 scripsit
765 759 849 800 (vol.
868 760 898 793 I.
916 769 950 791 n.
969 759 1153 801 XVIIII.),
1181 770 1219 792 se
1245 759 1431 802 possidere
1457 760 1678 801 opinabitur.

975 1041 1026 1072 IN
1056 1040 1348 1072 TRIVMPHVM

532 1105 812 1155 IOANNIS
849 1106 1206 1156 REVOHLIN
1243 1123 1387 1155 ALIAs
1423 1105 1789 1155 CAPNIONIS

608 1199 670 1229 EX
696 1198 924 1230 DEVICTIS
949 1198 1306 1231 THEOLOGISTIS
1333 1198 1718 1230 COLONIENSIBVS

655 1266 715 1296 ΕΤ
741 1265 1139 1298 PRAEDICATORVM
1165 1265 1361 1298 ORDINIS
1387 1265 1658 1297 FRATRIBVS

1027 1336 1051 1372 E
1061 1335 1090 1371 N
1101 1337 1124 1372 C
1135 1336 1161 1371 Ο
1172 1336 1225 1372 Ml
1237 1336 1262 1372 Ο
1272 1336 1299 1372 Ν

800 1412 1227 1461 ELEVTHERII
1268 1412 1520 1460 BYZENI

1071 1506 1240 1532 INCIPIT.

573 1580 681 1618 Dicat
710 1581 769 1625 10,
801 1581 831 1618 si
862 1593 903 1620 se
933 1583 1037 1621 novit
1067 1582 1293 1627 Germania,
1326 1582 1427 1620 dicat

572 1647 837 1698 Virtutemqne
868 1660 976 1687 snam
1009 1649 1132 1700 dignis
1164 1642 1415 1688 concentibus
1446 1653 1590 1698 mquet:

572 1714 672 1754 Ecce
705 1715 1009 1766 triumphantem
1041 1718 1190 1755 excisos
1222 1717 1418 1767 Capniona
1450 1715 1641 1765 sophistas

572 1782 619 1820 Et
649 1782 860 1822 debellatos
891 1785 1031 1834 recipit
1061 1796 1129 1822 sna
1160 1785 1283 1834 patria
1315 1785 1476 1826 frati-effi

538 1863 553 1886 3
575 1849 653 1887 Nec
685 1855 813 1888 tamen
843 1862 920 1889 una
953 1852 1071 1901 capit,
1105 1857 1245 1901 quanta
1277 1855 1352 1895 est,
1386 1850 1614 1893 Germania,
1647 1853 1796 1898 partem

571 1916 687 1955 Plena
719 1918 789 1955 viri
820 1917 944 1956 defert
974 1923 1011 1956 et
1041 1917 1088 1956 ab
1120 1918 1194 1956 hoc
1224 1917 1433 1968 splendore
1463 1917 1633 1960 nitescit,

571 1983 726 2034 Integer
757 1984 818 2023 ille
850 1990 977 2023 tamen
1008 1986 1142 2035 patriae
1173 1985 1293 2024 redit:
1325 1984 1447 2023 abiice
1480 1995 1613 2028 curas,

572 2051 689 2101 Siqua
719 2051 790 2090 tibi
820 2051 912 2091 belli
943 2056 1019 2097 est,
1053 2053 1132 2091 sive
1163 2057 1221 2092 est
1251 2052 1338 2097 tihi,
1371 2052 1543 2096 Phorca,
1575 2050 1755 2101 gerendae
1855 2048 2015 2105 Ιξξξξῗξῗωῡ

540 2175 596 2206 De
624 2176 714 2206 1...6.
733 2174 816 2206 vide
841 2175 956 2207 Indic.
976 2175 1145 2218 bibliogr.
1164 2177 1317 2208 Hutten.
1337 2186 1431 2207 num.
1450 2175 1547 2206 XVI.
1566 2185 1600 2216 p.
1619 2172 1700 2206 26*.
1720 2184 1775 2215 sq.

393 2303 462 2335 Pro
488 2306 615 2335 nomine
640 2302 843 2334 Eleutherii
868 2302 1006 2344 Byzeni
1032 2302 1175 2343 (Bizeni
1201 2300 1252 2344 2.)
1278 2305 1309 2334 z‘n
1337 2304 1371 2334 3.
1399 2306 1449 2333 esc
1473 2300 1612 2332 Vlrichi
1638 2301 1682 2332 ab
1701 2300 1788 2334 Hut.
1807 2301 1874 2341 Eq.
1893 2299 2011 2331 Germ.

304 2358 359 2389 Cf.
380 2359 450 2391 vol.
470 2360 496 2391 I.
517 2372 549 2402 p.
568 2358 644 2391 236.
666 2359 786 2390 adnot.
808 2359 853 2390 ad
877 2369 911 2391 v.
933 2361 965 2391 3.
1021 2359 1156 2391 Zenob.
1176 2369 1323 2400 paroem.
1352 2359 1440 2400 epit.
1458 2358 1504 2389 II.
1525 2356 1578 2389 63.
1619 2356 1790 2398 ,,Βυζι’νη
1808 2351 2011 2398 παρᾇσιά.

303 2408 364 2446 ἐπὶ
390 2414 462 2448 τῶν
487 2411 636 2457 σφόδρα
660 2411 1059 2457 πεπαρρησιασμένων.
1084 2409 1158 2447 ἀπὸ
1177 2414 1336 2454 Βυζίνου
1354 2413 1419 2446 τοῦ
1439 2411 1676 2450 Ποσειδῶνος
1693 2409 1787 2455 μετὰ
1804 2410 2014 2453 παρρησίας

301 2464 363 2503 cist
382 2468 687 2514 ὃιαλεγομένου“’.
714 2471 855 2512 Byzina
874 2471 1023 2502 dicendi
1041 2471 1206 2510 libertas,
1233 2471 1275 2502 (le
1295 2471 1340 2502 iis
1359 2471 1420 2512 qui
1436 2469 1551 2501 libere
1579 2472 1614 2500 et
1632 2469 1788 2510 ingenue
1807 2468 2011 2509 loquuntur,

304 2537 324 2557 a
348 2527 487 2567 Byzino
512 2528 671 2569 Neptuni
697 2527 782 2559 filio.
815 2526 900 2568 [Pro
926 2525 1086 2566 Βυζίνου
1110 2527 1295 2558 Huttenus
1320 2531 1421 2558 recte
1447 2530 1534 2568 puto
1559 2519 1728 2567 Βυζήνου
1752 2524 1889 2566 legisse
1914 2523 2014 2556 vide-

302 2586 375 2621 tur,
408 2584 462 2615 ita
493 2587 532 2615 ut
557 2594 686 2615 nomen
718 2584 813 2615 idem
840 2594 883 2614 ac
908 2584 1102 2624 Byzantis,
1129 2577 1333 2623 Βύζαντος,
1362 2581 1434 2624 sit.]
1530 2582 1572 2613 In
1599 2584 1630 2613 4.
1649 2582 1721 2612 hcee
1745 2581 1919 2622 inscriptio
1944 2583 2013 2610 est:

302 2639 343 2669 In
375 2639 609 2681 Triumphum
642 2640 791 2672 Ioannis
822 2639 1020 2677 Reuchlin,
1066 2638 1158 2671 alias
1191 2639 1403 2680 Capnionis.
1505 2637 1515 2657 ¹
1551 2638 1607 2669 Cf.
1627 2637 1720 2669 Ovz'cl.
1739 2639 1807 2668 art.
1827 2647 1896 2667 am.
1915 2635 1963 2666 II.
1987 2634 2013 2666 l.

303 2695 452 2733 „Dicite
488 2695 541 2727 ‘Io
565 2696 689 2727 Paean'
722 2699 758 2727 et
785 2696 845 2728 ‘Io'
871 2696 928 2727 bis
960 2695 1070 2726 dicite
1099 2694 1247 2727 ‘Paean'.
1297 2694 1529 2726 Germaniam
1559 2693 1707 2725 tandem
1738 2702 1818 2725 sese
1850 2701 2012 2730 noscere,

303 2761 534 2792 cognoscere,
564 2762 780 2794 agnoscere,
809 2751 932 2783 oculos
958 2752 1123 2793 recipere
1149 2751 1280 2782 debere
1308 2755 1343 2783 et
1368 2750 1503 2783 similia
1527 2750 1725 2781 innumeris
1749 2748 1842 2781 locis
1867 2750 2013 2779 monent

301 2805 484 2839 Huttenus
515 2811 552 2839 et
576 2808 732 2840 sodales.
826 2807 839 2827 ⁵
865 2807 1061 2840 Cer-mania
1087 2810 1118 2839 1.
1213 2806 1368 2849 partem]
1394 2807 1559 2838 Phorcen
1586 2808 1660 2839 2.6.
1695 2805 1750 2837 Cf.
1770 2803 1947 2846 deplorat.
1974 2803 2012 2834 in

302 2862 377 2893 Ioa.
396 2862 552 2895 Hutteni
576 2865 763 2896 interitum
781 2863 926 2905 v.150.‚
954 2865 1041 2896 item
1066 2863 1216 2895 Exhort.
1244 2863 1289 2894 ad
1314 2863 1489 2896 Maximil.
1509 2873 1542 2894 v.
1565 2861 1638 2893 171.
1660 2862 1748 2894 edit.
1765 2862 1793 2893 I.
1814 2864 1850 2892 et
1874 2859 1946 2893 vol.
1963 2859 2010 2891 ΙΙ.

301 2928 334 2958 p.
354 2917 408 2949 40.
427 2929 460 2950 v.
480 2919 511 2950 7.
537 2924 679 2962 partem
704 2921 789 2960 viri,
817 2931 889 2952 non
914 2923 1028 2952 totum
1054 2918 1152 2961 (nam
1179 2920 1209 2950 is
1235 2919 1347 2951 totius
1372 2918 1527 2950 litterati
1554 2918 1652 2950 orbis
1680 2917 1748 2957 est)
1775 2916 1959 2954 deferens,
1987 2916 2011 2947 i.

304 2983 333 3004 e.
352 2974 421 3005 sibi
446 2985 615 3013 servans,
644 2976 842 3008 Germania
867 2986 948 3008 sese
975 2975 1108 3017 explet,
1137 2976 1160 3007 i.
1180 2986 1210 3007 e.
1231 2976 1320 3007 satis
1346 2975 1459 3006 habet
1485 2985 1552 3016 quo
1578 2974 1719 3005 fruatur
1744 2973 1821 3004 eius
1847 2971 2012 3014 exemplo

304 3031 339 3058 et
363 3029 527 3061 doctrina
553 3035 661 3073 atque
688 3031 804 3073 gloria
830 3032 941 3064 talem
965 3033 1082 3064 virum
1107 3032 1288 3073 genuisse.
1351 3031 1365 3050 ⁷
1381 3029 1541 3073 Integer]
1559 3031 1686 3062 Victor
1708 3029 1820 3069 redit,
1846 3038 1917 3060 non
1943 3028 2013 3060 dis—

307 3088 452 3128 cerptus
472 3086 516 3116 ab
535 3087 700 3118 hostibus
719 3088 962 3129 theologistiS.
1034 3088 1046 3107 Β
1072 3089 1244 3120 Lemmata
1267 3088 1467 3129 marginalia
1492 3089 1582 3118 nulla
1606 3085 1728 3117 habent
1748 3087 1780 3116 4.
1794 3087 1822 3116 7.
