2081 3517
279 240 327 261 AD
343 240 554 262 ELECTORES
574 240 797 267 RELIQVOSQ.
817 240 1069 263 GERMANORVM
1086 240 1281 262 PRINCIPES
1300 239 1446 262 CARMEN
1464 239 1622 261 EXHORT.
1709 221 1803 267 195

316 354 349 379 60
368 343 484 379 Paret
509 344 705 378 inaccessis
733 344 869 379 vallata
899 344 1048 379 Boemz‘a
1073 345 1186 388 silvis,

367 399 464 442 Quos
485 409 603 445 penes
630 404 683 434 est
709 400 849 435 totidem
878 400 1086 436 Romanum
1115 401 1272 436 condere
1293 411 1436 447 reyem,

367 455 628 502 Innumerique
658 456 745 490 alii?
774 458 854 502 quis
878 467 950 491 non
984 457 1086 492 modo
1119 456 1280 493 Teutona
1310 459 1413 493 tellus

365 511 600 558 Principibus
624 513 782 557 patriive
808 513 907 547 lares
930 514 1147 560 privataque
1176 524 1310 560 regna,

366 567 441 602 Sed
474 568 585 602 latum
608 568 735 603 mundi
761 570 969 614 imperium,
1000 570 1066 604 sed
1097 571 1220 605 nititur
1247 571 1360 606 omnis

315 635 347 659 65
367 623 519 659 Publica
549 633 609 658 res
636 623 770 660 Christi
775 639 788 665 ;
809 635 880 670 pro
910 626 991 672 quis
1020 627 1076 661 vel
1103 626 1218 661 obisse
1245 627 1386 662 tuendis

365 679 420 715 Sit
447 684 603 714 vestrum
626 681 891 726 propriumque
919 681 1049 721 decus.-
1073 682 1203 728 quibus
1232 695 1338 718 arma
1368 683 1535 729 virosque

366 735 475 771 Nunc
503 739 536 770 et
565 745 690 781 equos,
722 740 896 772 tormenta
927 736 1026 783 (data
1057 742 1110 773 est
1138 739 1292 786 occasio)
1326 743 1358 775 et
1386 749 1508 775 omnes

365 791 526 827 Promite
555 793 628 826 iam
658 793 761 839 lonyo
790 804 864 828 non
889 798 993 829 notas
1023 798 1184 840 tempore
1212 798 1306 831 vires
1316 811 1328 836 ;

363 848 519 883 Fundile
543 850 616 883 iam
645 849 747 895 longo
777 851 978 885 cumulatos
1007 855 1165 897 tempore
1193 862 1341 895 census,

314 914 345 940 70
365 905 414 939 Et
437 909 592 940 vestrum
619 904 746 951 fulcite
774 911 905 951 caput!
935 909 1137 942 reverentia
1169 910 1278 943 vestri

365 960 419 996 Sit
446 958 575 1007 capitis
594 963 756 1007 primum
782 962 896 1006 vobis,
919 973 1016 1009 quos
1042 964 1170 998 deinde
1196 968 1392 1011 sequentur

328 1059 331 1062 Ι
363 1017 544 1064 Exemplo
565 1019 699 1064 populi
725 1022 830 1065 atque
860 1019 968 1054 urbes
996 1021 1201 1066 imitataque
1226 1031 1340 1067 regma

363 1072 471 1116 Quod
492 1075 598 1120 ἱερᾶς,
628 1078 777 1119 natura,
807 1075 891 1110 boni
910 1086 1101 1122 moresque
1130 1079 1344 1123 requirunt:

364 1129 460 1173 Quid
480 1130 579 1176 foret
606 1132 802 1175 auxilium,
835 1134 947 1178 capili
967 1134 1001 1167 si
1027 1133 1187 1167 membra
1216 1138 1394 1180 negarent

314 1195 345 1221 75
365 1186 541 1232 Dilapsus
565 1187 638 1233 fuit
662 1188 758 1223 unde
786 1189 887 1235 viyor
910 1198 983 1234 per
1012 1189 1198 1224 membra?
1231 1189 1334 1233 Quod
1361 1192 1446 1226 estis

363 1241 433 1288 (Sil
461 1244 564 1278 venia
588 1243 719 1279 dictum
750 1254 829 1279 cum
860 1244 994 1291 vestra)
1025 1248 1062 1280 in
1092 1247 1246 1281 culmine
1270 1251 1385 1290 tanto,

364 1297 468 1341 Quod
496 1303 544 1334 tot
571 1308 675 1345 opes,
706 1302 852 1344 merito,
884 1302 956 1335 lala
985 1302 1115 1337 ditione
1141 1304 1283 1346 tenetis,

363 1354 529 1390 Plurima
559 1355 791 1391 Romulidum
822 1368 908 1392 num
937 1362 1024 1392 sunt
1052 1368 1095 1392 ea
1127 1369 1280 1394 numera
1310 1363 1463 1406 reglum?

362 1410 668 1458 Induperatorem
697 1413 839 1459 qualem
867 1414 1026 1449 voluistis
1052 1414 1207 1457 habetis,

314 1478 347 1503 80
367 1466 441 1502 Sed
463 1469 605 1515 qualem
632 1478 699 1504 nec
728 1469 864 1505 habere
886 1471 1004 1517 piget,
1035 1471 1187 1506 voluisse
1209 1471 1344 1516 piyebit

362 1523 410 1558 Et
433 1535 638 1571 nunquam,
669 1524 791 1572 officio
820 1526 904 1561 dum
931 1528 984 1562 sic
1012 1537 1050 1562 se
1077 1527 1229 1562 ostendit
1257 1529 1292 1562 in
1319 1529 1431 1572 omni,

371 1580 414 1616 Ut
441 1582 554 1627 mayis
575 1583 697 1627 optari
721 1592 788 1618 nec
818 1584 1010 1629 quicquam
1035 1595 1057 1618 a
1084 1585 1254 1629 principe
1282 1594 1421 1620 summo

361 1637 499 1672 Debeat
522 1642 584 1673 aut
608 1640 744 1683 possit,·
772 1641 877 1674 cuius
905 1644 1008 1676 vetor
1036 1641 1180 1686 impare
1208 1651 1311 1675 musa

362 1693 427 1728 Ire
448 1703 515 1739 per
545 1695 704 1740 inqentes
733 1696 859 1731 laudes
890 1700 924 1731 el
950 1698 1088 1743 oriyine
1117 1701 1216 1732 tanta

312 1759 344 1785 85
365 1749 446 1785 Sive
470 1751 608 1786 illustre
634 1761 749 1797 yenus
779 1762 843 1788 seu
869 1751 985 1799 fortia
1010 1753 1114 1800 facta
1133 1758 1334 1799 pareutum

361 1806 511 1850 Dicere,
542 1811 576 1843 et
602 1807 724 1843 herois
756 1810 887 1844 cultum
917 1810 1102 1846 virtutibus
1131 1810 1264 1845 orbem.

363 1864 409 1898 At
434 1865 563 1909 yeneri
589 1874 775 1900 commune
801 1875 880 1900 suo.
934 1868 1082 1912 privata
1106 1870 1277 1901 coruscat

366 1919 490 1954 Gloria
518 1921 583 1955 sed
600 1921 700 1966 prolz
730 1926 888 1968 quanta,
922 1923 1021 1958 bonis
1044 1923 1127 1958 dum
1150 1922 1267 1969 fultus
1292 1924 1460 1969 utrinque
1492 1928 1545 1959 est

309 1966 315 1977 ²
362 1976 535 2022 Corporis
560 1982 668 2023 atque
696 1979 825 2021 animi,
857 1989 973 2025 neque
991 1990 1115 2025 parca
1147 1979 1338 2015 indulserit
1366 1982 1418 2015 illi

310 2041 343 2066 9ο
364 2031 412 2067 Se
432 2033 614 2068 Fortuna:
642 2035 756 2081 mayis
783 2034 886 2069 modo
914 2035 1020 2082 larqa
1047 2035 1178 2082 fictura
1209 2037 1318 2071 velitis
1329 2050 1341 2071 .·

363 2088 429 2124 Cuz‘
450 2100 522 2124 non
547 2088 658 2126 divim·
687 2094 741 2125 est
768 2091 930 2126 humana
961 2094 1150 2138 augyzcstior
1179 2094 1254 2127 oris

361 2144 556 2189 Maiestas,
588 2150 725 2193 totoque
752 2147 883 2182 decens
911 2149 948 2183 in
975 2158 1130 2194 corpore
1157 2148 1301 2194 forma,

362 2200 682 2249 Membrorumque
708 2205 826 2250 vigor,
858 2205 1014 2239 validum
1038 2206 1256 2251 patiensque
1285 2205 1447 2240 laborum

364 2257 505 2303 Corpus
534 2262 567 2293 el
593 2259 746 2295 oblatum
773 2271 841 2307 pro
870 2261 965 2296 vobis
994 2271 1094 2308 scepe
1120 2262 1287 2307 periclis,

311 2322 344 2349 95
364 2314 441 2349 Pro
471 2315 602 2351 decore
629 2318 782 2362 imperii.
843 2316 910 2352 Cui
936 2329 1008 2353 non
1033 2318 1203 2352 miranda
1234 2319 1371 2353 videtur

362 2371 438 2406 Dos
467 2373 596 2416 animi,
629 2384 710 2419 quce
734 2374 812 2409 sola
841 2383 909 2409 sua
937 2380 1006 2418 est,
1026 2375 1227 2420 prudentia
1257 2376 1373 2410 solers

362 2426 623 2475 Ingeniumque
651 2439 796 2475 capax,
824 2431 1005 2467 eventibus
1033 2442 1141 2477 sequa
1171 2432 1340 2467 secundis

361 2482 468 2519 Mens
499 2489 533 2519 et
559 2485 596 2520 in
624 2486 788 2522 adversis
817 2487 962 2530 eadem,
996 2488 1124 2533 quibus
1152 2488 1211 2522 ille
1235 2489 1414 2534 probatus

363 2539 444 2575 Non
473 2542 589 2576 minus
614 2546 653 2577 ul
678 2542 818 2589 fulvum
848 2548 901 2578 esl
926 2544 1096 2590 fornacis
1126 2544 1170 2579 ab
1196 2546 1277 2591 igne
1306 2546 1513 2580 metallum?

296 2604 344 2630 100
364 2596 518 2631 Additur
545 2597 600 2632 liis
631 2609 756 2634 rerum
783 2602 877 2635 mira
905 2602 1131 2647 eoeperientia
1160 2605 1193 2635 et
1216 2603 1341 2648 inqens

363 2652 475 2688 Pacis
504 2658 537 2688 el
566 2666 754 2690 armorum
785 2657 964 2703 rigidique
981 2659 1118 2703 peritia
1150 2658 1241 2693 belli.

364 2708 457 2752 Quid
486 2719 677 2746 memorem
706 2713 752 2746 sil
779 2718 915 2759 quanta
946 2715 1022 2749 viro
1050 2715 1255 2758 clementia,
1284 2716 1402 2761 qualis

362 2764 585 2802 Intemerata
610 2768 721 2813 fides,
746 2770 918 2805 servandi
945 2775 978 2805 et
1003 2770 1148 2817 foedera
1178 2781 1269 2806 cura

362 2821 478 2866 Quam
505 2826 656 2870 gravis,
688 2829 721 2860 el
746 2827 865 2871 posita
893 2829 1032 2863 czuzctis
1059 2828 1235 2875 gravilate
1262 2828 1451 2875 benig(an

184 3008 214 3028 ⁵⁰
244 3009 282 3041 in
314 3011 475 3042 accessis
502 3015 531 3043 1.
608 3011 634 3032 ⁶¹
665 3013 714 3053 Cf.
731 3013 849 3045 Aurea
874 3015 971 3047 bulla.
1051 3015 1079 3035 ⁷⁰
1112 3013 1232 3057 eaput]
1259 3017 1495 3057 imperatorem
1525 3016 1805 3050 Maximilianum.

95 3063 124 3084 ⁷⁵
156 3063 275 3108 Quod]
309 3076 334 3111 q
359 3069 389 3099 1.
484 3067 512 3087 ⁷⁷
543 3067 657 3110 Quod]
693 3070 750 3109 Qd'
777 3073 806 3102 1.
900 3072 928 3091 ⁷q
962 3070 1061 3113 num]
1096 3083 1137 3102 an
1168 3073 1262 3102 non?
1307 3072 1355 3112 Cf.
1375 3083 1479 3113 supra
1511 3072 1558 3103 ad
1586 3084 1634 3103 vv.
1654 3075 1709 3105 42.
1728 3084 1803 3116 sqq.

95 3120 123 3140 ⁸⁷
148 3120 307 3164 privata]
332 3123 354 3155 i.
373 3133 402 3154 e.
421 3124 490 3164 ipsi
511 3127 665 3165 propria.
736 3124 764 3144 ⁹³
789 3127 1060 3169 Menbr0run1q3
1089 3130 1116 3158 1.
1188 3128 1216 3146 ⁹⁹
1242 3126 1296 3169 ut]
1322 3140 1428 3170 qnam.
1503 3127 1543 3148 ¹03
1569 3128 1694 3160 federa
1722 3132 1752 3161 1.

1419 3189 1468 3228 13
1488 3185 1510 3209 ‘³‘
