2081 3517
61 247 346 271 EMENDATIONES
365 246 529 269 HVTTENI
548 246 649 269 MANV
668 246 831 268 SCRIPTAE
849 245 896 266 AD
914 244 1026 267 HVIVS
1045 244 1146 265 Enx'r.
1160 243 1296 266 VOL.11.
1312 243 1580 265 PERTINENTES.
1644 238 1769 269 XXIX

58 350 139 382 Vol.
154 360 238 392 pag.
254 360 348 384 vers,

74 406 121 438 ΙΙ.
188 405 228 437 18

189 516 229 548 19

186 627 229 660 10

185 683 229 716 20

185 795 227 827 21

191 1862 235 1894 29

193 1918 236 1950 30

193 2142 234 2175 31

195 2366 239 2401 32

196 2424 240 2457 33

199 2592 243 2626 34

200 2705 244 2738 39

201 2819 245 2851 40

202 3044 244 3077 41

203 3103 246 3134 42

276 412 307 437 16

276 467 308 493 30

290 523 306 548 ss

274 579 307 604 22

274 633 306 660 31

276 690 307 715 14

274 746 307 771 20

277 802 319 828 15.

275 858 306 884 19

290 915 315 939 5.

292 1025 307 1050 S

277 1138 308 1163 27

355 402 430 446 aut]
460 403 597 436 delevit
621 408 658 437 H.
678 404 860 443 adscripsit
887 403 916 444 le
943 402 993 443 (id
1011 402 1079 443 fuit
1103 401 1185 442 nee)

356 461 415 493 cui
440 461 531 492 omis.
551 462 585 490 2.
604 461 761 501 adposuit
784 463 821 493 Η,

354 515 471 548 θΧιιΙόῒ,
494 515 611 547 Bullis
636 514 783 556 vexare]
813 514 975 551 exulent,
1001 514 1117 545 Bullis
1141 513 1271 546 vexari
1297 517 1334 548 Η,

355 570 472 614 quide.
491 573 524 605 2.
551 569 573 602 a*
595 575 633 602 H.

352 630 367 659 ‘2
386 625 561 670 flagitose]
588 628 601 658 i
625 631 663 662 H,

354 684 491 725 flagita.
510 685 542 715 2.
562 684 574 715 i
591 686 630 715 H.

352 750 460 782 nuge.
478 742 510 772 2.
538 751 559 771 a
583 744 620 775 Η,
648 739 683 780 (i.
703 749 730 770 e.
750 736 897 779 nugae.)

331 802 362 828 16
409 795 438 827 δι
463 796 666 828 christianae
690 793 859 826 veritatis
900 797 938 824 H.
957 795 1065 825 deleto
1083 796 1294 835 sequentiae
1319 793 1502 825 libertatis

352 853 486 884 vestris
511 857 588 884 ante
615 861 736 884 coram
761 851 828 881 del.
846 853 883 881 H.
903 851 1058 891 adposilo
1085 849 1164 881 istic
1189 855 1266 891 posi
1293 860 1414 881 coram

326 914 342 939 6
390 908 617 950 experimini]
645 917 732 949 opus
758 907 879 946 vobis,
908 908 941 937 2.
969 906 1059 947 quod
1081 909 1118 938 H.
1137 907 1203 937 del.
1223 911 1255 937 et
1280 907 1399 947 adeS.
1430 904 1571 948 11·imini‚
1599 906 1640 947 )i.
1657 917 1686 938 e.
1715 917 1771 938 ex—

417 964 601 1005 perimini)

354 1018 595 1061 testimonio‚]
623 1018 887 1057 testimonium,
914 1019 947 1049 2.
974 1028 1032 1049 um
1058 1019 1122 1049 del.
1141 1023 1179 1051 H.
1199 1020 1312 1050 miser.
1333 1030 1352 1051 o

352 1077 497 1115 intuitu]
523 1076 692 1107 intuitum
716 1078 749 1106 2.
776 1085 809 1105 m
835 1075 897 1106 del.
916 1078 954 1106 H.

357 1133 547 1174 cogitatis,
582 1132 705 1174 iugum
736 1130 765 1162 Sc
790 1131 962 1172 grauius·
990 1128 1061 1172 quis
1091 1134 1131 1162 ut
1157 1133 1188 1164 2.
1212 1136 1291 1173 post
1322 1135 1361 1162 ut
1386 1136 1425 1163 H.
1445 1133 1559 1164 adscr.
1586 1132 1607 1163 ἐι
1634 1133 1776 1175 quoqu-(T

296 1195 309 1219 5
358 1188 642 1220 aceumilatione
668 1190 700 1219 2.
728 1198 817 1219 corr.
837 1191 875 1218 H.

277 1250 308 1275 10

277 1307 310 1332 23

277 1363 310 1388 28

277 1419 309 1445 34

297 1484 304 1500 i

280 1532 310 1557 17

281 1588 312 1614 19

280 1645 310 1669 17

279 1701 312 1726 25

281 1756 313 1781 30

280 1812 313 1838 33

282 1869 314 1894 24

298 1925 313 1950 S

282 1982 314 1998 ψ)

282 1998 314 2006 ⁴.-

282 2037 315 2063 23

283 2093 316 2118 26

285 2149 316 2175 14

285 2374 318 2400 2ss

286 2544 318 2569 10

288 2600 322 2625 22

290 2712 322 2738 34

289 2939 323 2964 20

355 1244 468 1287 fficat]
494 1247 542 1277 sic
566 1249 604 1276 H.
623 1254 750 1286 quoque
775 1254 866 1275 corr.

355 1299 503 1342 vivatis]
529 1302 578 1333 sic
603 1305 640 1332 H.
662 1311 789 1342 quoque
815 1310 905 1331 corr.

357 1355 532 1399 cogimur]
561 1359 610 1389 sic
633 1360 672 1388 H.
693 1366 821 1398 qnoque
846 1366 936 1387 corr.

356 1412 535 1455 viveritis]
562 1413 737 1444 uiueretis
762 1423 851 1444 corr.
870 1416 907 1442 H.
928 1410 977 1453 (et
1001 1412 1061 1443 hoc
1084 1423 1216 1453 ponere
1236 1405 1414 1454 debebam)

356 1467 503 1511 ducant]
529 1470 578 1501 sic
602 1473 641 1502 H.
661 1479 789 1512 quoquc
816 1479 905 1500 corr.

357 1524 677 1568 manifestamque]
706 1527 755 1556 sic
779 1529 818 1555 H.
837 1535 964 1567 quoque
989 1535 1080 1555 corr.
1469 1540 1489 1559 0

361 1581 448 1624 tam]
474 1587 512 1614 H.
532 1593 661 1626 quoque
687 1582 830 1613 addidil.

355 1640 522 1681 precario
548 1642 580 1671 2.
608 1651 626 1671 e
651 1643 681 1668 H

359 1694 586 1737 obtegentes]
613 1693 807 1738 praetendej
836 1697 874 1724 H.

361 1752 639 1783 concendemus.
658 1754 689 1784 2.
715 1762 738 1782 n
764 1752 867 1783 deleo.
887 1754 925 1782 H.

360 1808 547 1840 Praeterea
571 1819 661 1840 corr.
681 1809 779 1839 etiam
803 1811 841 1838 H.

363 1864 638 1904 coneussonem,
666 1866 698 1895 2.
725 1863 737 1894 i
762 1867 800 1895 H.

359 1919 479 1952 vestra
506 1918 667 1962 exitium]
697 1920 836 1959 vestra,
865 1918 1014 1950 exitium
1039 1922 1078 1949 H.

361 1974 552 2019 polliceor]
580 1978 679 2008 ctiam
703 1978 736 2007 2.
763 1975 943 2017 pollicear
968 1987 1057 2008 corr.
1076 1980 1115 2006 H.

364 2032 604 2064 adssiduitate
630 2035 663 2064 2.
692 2042 707 2063 s
734 2033 838 2063 deleo.
858 2035 895 2066 H,

362 2087 481 2130 vobis]
511 2099 634 2120 comma
659 2090 778 2130 adpo-5.
798 2092 837 2119 H.

365 2143 613 2186 cogitationis]
640 2141 773 2185 homin]
800 2149 838 2175 H.
859 2155 954 2186 quam
978 2145 1251 2185 compositissime
1271 2146 1353 2184 fieri
1365 2149 1479 2185 potest
1497 2147 1693 2187 adscripsit,
1719 2148 1783 2179 sed

426 2201 605 2232 Miincliz'us
629 2211 699 2232 czmi
722 2201 846 2233 Latine
871 2203 982 2242 legere
1008 2211 1072 2231 non
1105 2201 1293 2237 didicisset,
1328 2202 1408 2243 quid
1436 2201 1501 2232 sibi
1529 2204 1626 2234 vellet
1656 2204 1782 2234 vocati-

426 2268 484 2289 vus
508 2257 672 2288 homines
697 2268 763 2289 non
787 2259 884 2294 vidit,
912 2258 1001 2298 quod
1025 2258 1234 2288 dissimulans
1259 2258 1432 2288 culnotavit
1459 2258 1580 2289 ‘Nach
1603 2260 1779 2300 cogitatio-

427 2315 499 2345 nis:
523 2313 778 2345 Unleserliche
805 2313 1018 2345 Correetur.'

365 2368 522 2412 ovinam]
548 2371 598 2402 sic
621 2374 659 2401 H.
679 2381 806 2412 quoque
831 2380 923 2403 corr.

363 2425 526 2458 barbari.
545 2428 578 2458 2.
605 2427 779 2458 barbari?
804 2437 897 2459 corr.
913 2429 951 2460 H.
1001 2431 1065 2458 iiim
1089 2427 1286 2458 moneretis
1311 2429 1345 2458 2.
1365 2437 1454 2459 corr.
1474 2431 1512 2457 H.

365 2481 556 2525 quoquam]
587 2494 710 2515 comma
733 2484 854 2524 adpos.
870 2487 908 2518 H,

363 2537 519 2581 venerit]
548 2550 671 2571 comma
695 2541 815 2581 adeS.
833 2544 872 2572 H.

369 2595 597 2637 cupiditaiib.
616 2598 649 2628 2.
668 2607 758 2629 corr.
777 2600 816 2629 H.
842 2601 908 2628 tum
931 2596 1074 2628 nationi
1098 2598 1131 2628 2.
1158 2606 1248 2629 corr.
1266 2600 1305 2628 H.

370 2707 608 2740 intermissum
639 2709 737 2741 habet
769 2712 956 2752 exemplum
980 2714 1014 2744 2.
1039 2710 1080 2742 ab
1104 2714 1142 2744 H.
1161 2715 1363 2746 correctum,
1398 2710 1456 2751 qui
1485 2719 1506 2740 a
1540 2709 1622 2750 (pro
1647 2708 1692 2749 u)
1725 2710 1785 2741 ad-

431 2765 589 2806 scripsit:
620 2776 722 2797 meum
747 2768 933 2807 exemplum
957 2769 989 2800 2.
1007 2772 1100 2799 recte
1125 2765 1364 2798 intermissam
1389 2766 1424 2796 in
1448 2766 1521 2806 ipso
1548 2770 1643 2797 textu
1673 2766 1784 2797 habet.

368 2819 460 2863 fieri]
495 2822 616 2853 delevit
646 2823 775 2864 quidem
806 2826 845 2854 H.
869 2824 933 2855 sed
961 2824 1047 2855 idem
1078 2825 1177 2854 ctiam
1207 2823 1393 2863 adscripsit
1425 2819 1570 2864 {btineri
1603 2823 1693 2864 quod
1723 2822 1784 2853 ob-

432 2878 543 2909 tineri
563 2878 670 2918 fuisse
695 2889 765 2911 cum
789 2891 855 2912 non
878 2880 1008 2911 videret
1032 2880 1226 2917 ssfiMchius,
1253 2880 1459 2920 adscriptum
1483 2880 1613 2910 celavit.

369 2937 485 2966 metus
503 2937 536 2966 2.
562 2945 653 2969 corr.
670 2938 709 2969 H,

368 2988 441 3032 eos]
468 3001 532 3022 nos
557 2993 589 3025 2.
615 3002 705 3023 corr.
722 2994 760 3023 H.

369 3045 487 3089 nobis]
513 3047 615 3079 vobis
639 3053 733 3080 recte
758 3049 857 3080 etiam
880 3050 912 3082 2.
931 3049 971 3081 ab
996 3051 1034 3080 H.
1053 3060 1118 3081 non
1142 3053 1306 3086 mutatum,
1331 3047 1395 3081 sed
1415 3049 1445 3081 is
1469 3057 1592 3082 comma
1616 3049 1786 3092 adposuit.

369 3103 511 3145 ingessu
534 3105 567 3135 2.
585 3115 677 3136 corr.
695 3109 734 3137 H.
