2081 3517
285 231 332 252 AD
350 232 559 253 ELECTORES
579 233 801 260 RELIQVOSQ.
820 234 1071 256 GERMANORVM
1093 235 1286 256 l'RlNGll’ES
1306 234 1451 256 CARMEN
1472 236 1627 258 EXHORT.
1707 217 1797 262 20l

305 348 354 373 2⁴0
374 335 516 371 Annulo
545 340 577 371 et
608 336 698 372 Urbs
727 338 816 372 illud
837 348 910 384 per
940 339 1054 374 vincla
1087 340 1220 385 iugalia
1248 341 1370 381 nectit,
1461 324 1477 337 ⁸

374 391 488 434 Quale
516 403 581 427 nec
612 394 684 428 ulla
710 393 839 439 ferunt
867 396 1047 430 mendatia
1081 396 1212 439 Graia,
1244 406 1310 430 nec
1340 397 1413 431 ulla

371 448 512 482 Fabula
536 449 766 495 prodiquun:
795 454 864 485 tua
886 452 949 493 sit,
983 451 1165 497 Neptune,
1190 453 1342 487 tridente

371 505 446 539 Pro
475 514 569 540 sexu
602 510 746 540 certare
775 511 851 547 tuo,
876 518 949 551 pro
975 506 1124 552 foemina
1152 508 1297 543 haberis

372 561 504 596 Saltem
534 561 636 606 apud
665 562 855 597 Acti-iaces.
911 568 1094 607 pradezctu
1120 564 1187 599 hoc
1218 568 1374 600 attamen
1400 566 1461 600 illa

304 627 351 653 215
379 618 539 662 Usurpat
567 627 656 663 qens
684 622 812 652 sancta
842 620 976 661 sinum,
1005 630 1070 654 nec
1096 623 1219 666 parcit
1246 627 1377 656 amatcoe

371 674 473 708 Sedis
495 674 701 718 apostolicw
724 674 865 717 ditioni,
898 679 935 709 at
952 676 1115 720 plurima
1144 677 1276 713 ademit

372 729 451 764 Ium-
481 729 559 764 loca
584 730 749 775 pontifici
763 732 830 775 pia
854 731 956 776 filia:
982 731 1082 777 forte
1111 734 1260 779 reyendi

370 786 425 820 Ne
449 787 570 820 senior
599 790 718 820 tantas
746 788 851 821 oneri
877 788 1127 824 szoecumberet
1146 790 1274 825 urbes.-

370 842 544 877 Ecclesice
574 845 608 876 et
636 843 759 877 totiens
788 843 943 879 turbavit
968 846 1086 880 (cinica
1115 847 1264 892 quietem

301 909 351 934 250
371 899 558 933 Hactenus
584 898 626 933 ob
654 908 721 933 sua
749 903 803 933 ter
833 899 1020 945 benefacta
1050 902 1277 937 anathemate
1304 904 1434 938 vinctu.

369 955 414 989 At
442 965 540 989 nunc
568 954 790 1000 supplicibus
809 966 944 1002 pacem
973 958 1035 992 illa
1065 960 1384 1001 nu'serrimavolis

371 1010 477 1054 Orat,
510 1014 542 1045 et
571 1011 750 1046 addictam
775 1012 861 1058 fore
885 1023 923 1048 se
945 1015 1121 1059 promittit
1145 1015 1275 1050 leonori

369 1067 456 1103 Post
480 1067 549 1102 liae
577 1067 764 1112 Caesareo,
794 1069 980 1115 facturam
1013 1074 1046 1105 et
1070 1076 1199 1106 cuncta
1225 1072 1372 1107 libenter

369 1124 459 1168 Quce
488 1124 613 1159 Coesar
633 1134 882 1172 proceresque
910 1127 1032 1169 velint,
1062 1128 1164 1163 modo
1192 1129 1295 1174 copia
1317 1128 1428 1175 fundi

300 1192 348 1216 2:35
368 1181 484 1216 Detur
510 1184 542 1215 et
569 1180 693 1215 (cudiri
714 1181 850 1215 valeat:
878 1183 1064 1217 dimittitur
1091 1185 1166 1218 ulla

374 1236 465 1273 Urbs
493 1246 608 1283 neque
630 1237 844 1282 iampridem
877 1238 1093 1274 Germanica
1120 1240 1232 1276 libera
1260 1253 1368 1288 qutun
1396 1254 1467 1277 non

367 1292 525 1336 Ambiat,
555 1298 590 1327 et
614 1292 726 1335 vobiS‚
752 1304 949 1338 proceres,
982 1297 1139 1342 ingentia
1168 1297 1211 1333 de
1233 1308 1272 1332 se

367 1349 544 1395 Spondet,
575 1349 761 1392 adulatur,
792 1351 939 1394 suadet,
971 1352 1153 1387 blanditur
1183 1359 1215 1389 et
1244 1354 1368 1400 offert,

369 1406 503 1441 Edocet
530 1417 552 1440 a
581 1407 756 1451 sociisque
786 1407 946 1442 cavenda
966 1409 1135 1453 pericula
1166 1412 1293 1445 vestris

298 1472 347 1498 260
368 1462 545 1508 Reyibus,
577 1467 609 1497 ct
639 1467 837 1497 commenta
867 1463 983 1510 refert
1013 1466 1182 1500 miranda
1209 1467 1372 1513 Pelasgis

364 1518 530 1562 Artibus,
561 1519 655 1553 inter
682 1528 743 1554 vos
770 1530 930 1565 unquam
960 1522 994 1555 si
1018 1526 1140 1567 posset
1166 1524 1258 1557 oriri

365 1575 519 1618 Seditio,
550 1586 631 1621 quse
662 1576 738 1610 sola
766 1576 824 1610 via
856 1581 908 1611 est
934 1577 1002 1612 sibi
1029 1579 1118 1612 lecta
1147 1579 1284 1614 salutis.

364 1632 512 1667 Interea
542 1631 629 1666 bello
658 1641 697 1666 se
728 1633 883 1678 accingat
910 1638 943 1667 et
971 1634 1127 1680 undique
1152 1640 1281 1670 contra

364 1690 477 1724 Arma
496 1692 615 1734 parat
645 1684 822 1736 (referam
853 1699 940 1724 neve
969 1691 1167 1726 inveterata
1198 1692 1262 1727 sub
1296 1694 1373 1727 istis

296 1756 344 1781 265
364 1745 559 1780 Blanditiis
589 1744 775 1793 verbisque
803 1746 901 1781 bonis
929 1748 1110 1793 spetieque
1133 1748 1274 1794 ficturce

363 1802 492 1844 Pacis,
522 1805 560 1836 ut
578 1801 792 1847 Euganeum
817 1804 927 1847 prius
954 1805 1188 1849 interceperit
1214 1805 1337 1840 urbem

362 1858 409 1892 Et
438 1859 491 1893 sic
520 1858 687 1904 culempta
711 1860 800 1903 pari
838 1858 997 1895 Viccntia
1025 1859 1180 1905 fraude,
1214 1866 1260 1897 tot
1288 1867 1390 1897 arcto

364 1914 524 1950 Carcere
554 1915 722 1949 ductores
743 1915 861 1950 clausi
887 1918 1066 1962 vestrique
1088 1917 1214 1962 fideles

367 1971 432 2006 Tot
460 1972 581 2005 crucis
608 1970 764 2016 infanda
791 1971 960 2007 Patavini
987 1977 1101 2007 morte
1129 1972 1266 2022 necati)

295 2038 345 2062 270
374 2027 528 2063 Veronae
554 2028 703 2062 insidias
733 2029 805 2062 iam
834 2029 905 2062 iam
936 2030 1097 2072 molitur,
1130 2034 1164 2065 et
1191 2032 1300 2066 instat

364 2084 554 2127 Continuo,
589 2087 622 2118 ct
655 2085 805 2119 miseros
829 2086 1030 2130 populatur
1061 2086 1237 2122 classibus
1264 2088 1412 2123 Histros

362 2140 410 2175 Et
436 2140 542 2187 ferro
567 2141 794 2187 flammisque
827 2141 965 2176 Forum
997 2144 1174 2177 consumit
1195 2143 1288 2179 Iuli.-

361 2198 474 2244 Atque
505 2198 554 2231 ita
584 2208 681 2232 nunc
709 2199 813 2233 etiam
836 2199 1046 2234 simulatrix
1075 2200 1208 2234 callida
1239 2200 1336 2236 vobis

370 2253 487 2288 Verba
517 2253 612 2288 dabit
640 2254 779 2300 vulpis?
807 2265 1002 2300 numquam
1032 2257 1145 2291 vitare
1174 2257 1290 2291 licebit

292 2321 341 2346 275
363 2309 532 2345 Sirenum
561 2315 689 2346 cantus
715 2315 941 2357 eaperlaque
962 2313 1098 2358 pocula
1123 2313 1270 2348 Circes?

358 2366 477 2402 Illane
503 2367 635 2414 fallaci
661 2369 793 2403 tociens
822 2368 977 2404 evadere
1005 2370 1127 2415 linqua

361 2423 569 2459 Consiliisne
593 2426 669 2460 suis
698 2428 731 2459 et
757 2435 855 2460 nunc
880 2435 1021 2472 (litoque
1051 2426 1152 2461 (abire
1181 2427 1309 2462 valebit

360 2478 584 2527 Insuperata
614 2481 728 2517 dolis?
758 2480 862 2524 Quod
888 2483 922 2516 si
946 2482 1075 2525 datm,
1108 2485 1233 2530 accipe
1265 2489 1436 2530 [tauquam

180 2665 226 2688 ²¹5
250 2667 379 2711 sinum]
412 2670 571 2701 Venetam
595 2680 623 2701 s.
647 2671 849 2702 Veneticum.
943 2669 986 2690 ²⁴⁶
1012 2670 1197 2703 Secundum
1220 2673 1332 2713 faedus
1360 2672 1599 2704 cameracense
1623 2674 1804 2704 Venetiani

91 2725 234 2766 coyendi
257 2729 355 2756 erant
380 2730 413 2756 ut
434 2727 587 2766 pontifici
609 2737 698 2757 utam.
717 2728 934 2759 restituerent
961 2728 1160 2765 Ravennam,
1190 2729 1348 2766 Cerviam,
1376 2730 1579 2767 Faventiam,
1606 2730 1799 2767 Ariminum,

91 2785 124 2812 et
149 2792 223 2823 quie
246 2782 311 2813 iam
333 2782 392 2813 sub
418 2783 543 2813 ditione
564 2784 685 2824 papali
708 2788 771 2814 tum
793 2785 948 2824 suerum,
976 2785 1112 2816 Imotum
1143 2796 1182 2816 ac
1210 2786 1376 2816 Cesenauz.
1446 2784 1488 2805 ²5¹
1519 2785 1569 2825 Cf.
1591 2786 1733 2817 Hzatem·
1756 2787 1803 2818 ud

90 2837 232 2869 Maaeim.
251 2838 384 2870 eoelzort.
406 2843 525 2870 eontra
543 2840 700 2876 Venetos,
726 2841 798 2871 init.
818 2841 859 2872 de
877 2851 961 2882 paee
978 2842 1177 2882 suppliciter
1194 2842 1345 2873 Bas-sani
1359 2853 1398 2873 m.
1418 2842 1503 2873 Iulio
1522 2852 1553 2873 a.
1570 2843 1668 2873 1509.
1687 2842 1728 2873 ab
1743 2845 1798 2874 im-

87 2897 251 2935 peratore
267 2896 387 2935 petita.
458 2893 549 2922 ²⁶⁰⁵‘1-
572 2895 651 2926 Pel.
670 2894 752 2938 art]
780 2898 865 2929 dolis
893 2897 1033 2929 Grceeis.
1104 2896 1148 2917 266
1167 2898 1350 2929 Patavium.
1380 2898 1430 2939 Cf.
1451 2898 1587 2929 Helian.
1619 2898 1800 2930 Venetianz'

88 2949 148 2981 sub
168 2950 289 2982 Grittio
307 2952 480 2983 Patavium
498 2952 529 2982 d.
551 2954 602 2983 17.
620 2952 686 2983 Iut.
707 2963 737 2984 a.
757 2955 855 2984 1509.
874 2958 1168 2995 recuperaverunt.
1240 2953 1284 2973 ²⁶⁷
1301 2955 1343 2986 D.
1365 2956 1417 2985 15.
1439 2955 1522 2986 Nov.
1545 2955 1731 2986 Vieentiam
1747 2965 1800 2986 ee-

85 3006 140 3047 pit
163 3016 270 3038 eomes
286 3007 465 3039 Pititz‘anus
487 3008 719 3050 Veronamque
744 3009 885 3041 obsedit.
949 3009 992 3029 ²⁶⁹
1018 3010 1055 3041 in
1080 3009 1191 3041 fanda
1210 3011 1239 3041 1.
1303 3009 1346 3030 ²⁷0
1374 3010 1424 3051 Cf.
1444 3011 1582 3042 Helian.
1646 3008 1689 3030 ²⁷¹
1713 3011 1798 3042 Hie-

90 3071 247 3104 ronymus
265 3063 465 3095 Contarinus
497 3065 598 3095 classi
622 3065 810 3105 praefectus
834 3071 925 3103 erat,
960 3067 1120 3098 Alvianus
1152 3070 1185 3097 et
1212 3067 1381 3098 C'ornarus
1413 3069 1597 3099 eoeercz'tum
1621 3066 1798 3100 ducebant.

92 3118 144 3159 Cf.
163 3130 191 3150 v.
213 3120 292 3150 319.
362 3119 405 3140 ²⁷2
432 3120 581 3152 eosfimit
607 3122 637 3151 1.
709 3119 752 3139 ²⁷5
778 3121 950 3163 Syrenum
977 3124 1006 3153 1.
