2081 3517
262 226 421 260 XXVIII
474 230 757 253 EMENDATIONES
772 229 933 252 HVTTENI
948 228 1047 249 MANV
1061 226 1220 248 scR11³TAE
1234 225 1282 246 AD
1296 224 1408 246 EVIVS
1422 224 1672 247 ED1T.VOLL.1.
1683 224 1727 246 11.
1737 223 1959 246 PERTINENT.

263 334 341 366 Vol.
368 344 403 364 )a
433 343 548 364 .vers.

279 390 308 423 I.
357 344 435 420 124g2
481 392 588 421 20...23
636 386 704 417 Pro
722 385 801 416 Etsi
826 393 925 425 usque
951 382 996 413 ad
1019 379 1223 422 diuulganti
1250 381 1368 412 deletis
1390 384 1429 412 H.
1448 381 1608 419 inferiori
1629 390 1732 421 marg.
1749 380 1862 411 adscr.
1888 379 1966 411 Etsi

619 435 736 473 nondfi
763 438 954 470 credebam
982 436 1109 476 famae,
1143 435 1263 466 omnia
1293 438 1428 467 temere
1461 435 1683 477 diuulganti,
1717 435 1822 474 (Nam
1843 435 1848 476 Ι
1869 437 1964 475 longe

621 497 695 528 alia
715 496 766 527 est
791 493 885 535 apud
910 501 1032 523 omnes
1051 491 1206 522 Virtutis
1232 494 1304 522 tuae
1329 492 1450 533 opinio
1468 492 1544 523 Rex
1570 479 1840 527 Chrffinissime,
1867 500 1966 531 quam

620 556 659 583 ut
682 551 769 583 talis
796 549 918 589 aliqua
942 547 979 576 in
1004 549 1040 577 te
1066 546 1218 588 suspicio
1244 546 1449 588 eongruat‚)
1476 551 1599 578 tamen
1624 557 1701 587 quae
1728 555 1768 579 π.

370 610 435 642 243
496 616 511 641 9
557 608 677 649 patior
702 608 731 637 1.
759 615 778 636 o
803 605 913 635 deleta
936 606 973 634 H.
992 607 1110 642 aperte
1135 603 1246 634 adscr.
1267 612 1288 632 a
1314 602 1462 644 (patiar)

483 671 512 695 19
557 666 709 704 superest
735 663 857 691 tantum
894 669 958 690 72072
987 656 1120 699 }mpliei
1144 657 1217 688 iam
1244 656 1349 698 {anno

372 719 437 751 246
497 726 512 750 4
559 719 652 750 hunc
678 719 710 748 1.
735 725 758 746 u
783 716 846 746 del.
865 716 903 743 H.
924 718 956 744 et
981 713 1093 744 aclscr.
1114 713 1126 743 i

483 781 513 807 11
555 784 622 814 pro
647 773 755 803 deleto
780 771 818 800 iu
845 778 885 799 eo
911 777 964 809 sp.
985 767 1224 800 collocaveris
1250 769 1296 799 ad
1318 779 1422 809 marg.
1444 773 1514 800 est:
1539 770 1572 800 ez·
1594 773 1626 800 te
1650 767 1882 799 adiunxeris?

484 836 525 861 1⁴3.
538 836 567 861 17
615 829 660 859 ad
682 837 784 867 Μία-9.
829 846 840 862 ,
889 844 902 862 ,

485 891 516 916 24
564 883 749 925 appellare
776 882 840 912 del.
859 883 897 911 H.
917 884 950 910 et
974 880 1086 911 adscr.
1118 878 1324 921 {onuneiare
1351 878 1622 920 (pronunciare)

485 947 516 971 215
563 940 775 981 optimatum
800 938 863 970 del.
891 940 928 969 H.
946 940 978 966 et
1002 937 1114 967 adser.
1146 932 1268 975 {onorii
1295 935 1481 974 (bonorum
1507 946 1571 967 non
1597 933 1824 976 optimorum)

486 1001 569 1027 25).30
615 996 659 1025 ad
683 994 861 1034 marginem
884 993 981 1033 signa
1029 1011 1041 1028 ‚
1090 1011 1102 1028 9

376 1051 440 1083 258
501 1058 516 1082 3
563 1047 742 1091 fugacius]
771 1049 932 1089 fugatius
959 1049 989 1078 1.
1015 1048 1076 1078 sed
1100 1047 1210 1077 deleta
1236 1049 1249 1076 t
1274 1050 1312 1077 H.
1332 1047 1444 1078 adscr.
1465 1057 1483 1077 c

499 1113 514 1137 9
561 1129 569 1145 ‚
589 1105 693 1146 quim]
719 1107 749 1137 1.
776 1105 892 1143 Quam
916 1107 954 1133 H.
979 1107 1044 1134 tam
1068 1106 1145 1143 post
1169 1101 1291 1142 praeda
1316 1102 1465 1132 additam
1490 1106 1541 1132 est
1565 1111 1630 1132 nos

377 1163 442 1195 259
503 1169 517 1193 7
564 1186 572 1201 ‚
592 1162 756 1192 feruntur
781 1162 810 1191 1.
837 1164 874 1190 H.
894 1169 1016 1191 comma
1041 1158 1181 1197 eonfiaeit
1206 1162 1238 1187 et
1264 1158 1376 1189 adscr.
1411 1181 1418 1189 .
1438 1157 1504 1188 fer.
1530 1161 1594 1187 tum
1617 1166 1681 1197 pro
1707 1157 1815 1195 deleto
1842 1154 1977 1187 Helue-

627 1217 669 1247 tii
694 1217 806 1247 adser.
826 1215 966 1247 Suiceri

489 1280 519 1304 1⁴2
566 1278 642 1304 ante
667 1272 716 1303 VI
741 1276 778 1303 H.
798 1273 842 1302 ad
866 1281 970 1311 mar-57.
990 1270 1102 1300 aclscr.
1133 1267 1209 1310 {pra
1235 1267 1372 1309 (supra)

377 1329 442 1361 260
503 1336 519 1360 3
566 1328 775 1370 Stutgardie
802 1327 881 1367 (non
907 1324 1134 1366 Stutgardia)
1159 1335 1226 1356 ser.
1245 1328 1283 1355 H.

377 1385 442 1417 ‘262
490 1391 519 1415 14
567 1389 644 1415 ante
668 1384 789 1425 palam
814 1387 851 1414 H.
871 1384 983 1413 adser.
1004 1384 1039 1412 et

490 1447 520 1471 10·
567 1445 644 1471 ante
668 1440 735 1471 hoc
760 1450 882 1471 comma
904 1439 1016 1479 posuit
1040 1440 1077 1467 H.
1097 1440 1129 1466 et
1153 1446 1293 1477 sequens
1319 1446 1372 1467 me
1399 1437 1529 1467 delevit.

378 1496 444 1529 263
505 1503 519 1527 7
567 1495 680 1527 facile
706 1498 735 1527 1.
761 1497 823 1527 sed
848 1506 866 1526 e
892 1496 1003 1537 deleta
1026 1495 1063 1523 H.
1081 1492 1164 1528 fecit
1189 1492 1201 1522 i
1227 1491 1360 1532 (facili)

504 1558 519 1581 9
567 1577 575 1592 ,
594 1552 689 1593 fugit
714 1553 744 1584 1.
771 1576 778 1582 .
802 1552 881 1591 Fug
906 1551 1018 1581 adser.
1038 1552 1076 1580 H.

379 1608 443 1639 267
505 1614 520 1638 S
563 1618 628 1648 pro
654 1607 818 1638 Heluetii
844 1609 874 1637 1.
903 1606 1042 1637 Suieeri
1068 1609 1105 1634 H.

490 1670 522 1695 ‘22‘
568 1688 576 1701 ,
596 1664 662 1694 Cui
687 1665 717 1696 1.
744 1662 769 1693 C
797 1664 859 1694 del.
879 1667 911 1693 et
932 1663 1017 1701 feeit
1042 1672 1060 1692 c
1085 1664 1122 1691 H.

489 1726 520 1751 27
568 1719 668 1750 dedit
686 1743 692 1750 .
712 1723 748 1750 to
775 1721 803 1751 1.
829 1720 945 1750 Deleta
972 1717 1072 1748 dedit
1096 1720 1134 1747 H.
1154 1717 1266 1747 ads-er.
1286 1715 1423 1746 dedidit
1443 1740 1449 1748 .
1469 1716 1540 1746 Tot

380 1777 444 1807 ‘272
506 1784 521 1806 o·
568 1799 575 1807 .
594 1775 688 1816 fugit
713 1777 743 1806 1.
770 1779 807 1806 Η.
827 1776 873 1805 ad
894 1784 997 1815 mar-fs.
1023 1773 1104 1815 Fug

506 1838 521 1862 s
569 1855 577 1871 ,
597 1841 663 1872 quo
690 1833 718 1862 1.
747 1856 756 1864 .
775 1832 853 1870 Quo
878 1834 916 1862 H.

491 1894 522 1919 13
570 1911 577 1918 .
597 1887 776 1918 facessant
801 1889 832 1918 1.
860 1914 867 1920 .
886 1887 962 1917 Fac
987 1889 1026 1916 H.

492 1949 523 1974 19
569 1967 577 1974 .
597 1943 682 1974 satis
707 1946 739 1974 1.
766 1942 888 1974 Satias
914 1941 993 1983 (non
1019 1940 1155 1981 Satius)
1181 1941 1295 1972 adser.
1313 1944 1351 1971 H.

366 2055 418 2086 Ad
436 2055 587 2086 Hutteni
605 2054 741 2096 scripta
758 2054 826 2086 vol.
847 2055 893 2086 ΙΙ.
913 2065 1041 2087 numm.
1061 2052 1308 2085 CCXXVIHI.
1329 2052 1503 2083 CCXXX.
1523 2051 1714 2083 CCXXXI.
1731 2050 1980 2083 CCXXXIIII.

278 2111 505 2142 CCXXXIII.
533 2110 755 2143 CCXXXVI.
777 2110 1015 2142 CCXXXXV.
1035 2103 1142 2151 pagg.
1163 2109 1215 2140 12.
1234 2120 1286 2150 sq.
1307 2120 1328 2140 a
1352 2108 1456 2140 nobis
1483 2108 1602 2149 edita,
1637 2118 1715 2149 quae
1750 2108 1982 2138 eontinentur

279 2167 440 2208 exemplo
473 2167 536 2197 sub
562 2166 746 2198 XXXVII.
764 2166 798 2196 2.
825 2166 961 2196 Indicis
994 2166 1163 2206 bibliogr.
1183 2165 1333 2197 Hutten.
1359 2165 1560 2205 descripto,
1592 2164 1665 2195 iam
1698 2174 1740 2194 ex
1773 2174 1815 2194 eo
1847 2163 1978 2194 biblio-

277 2223 394 2254 theeae
419 2223 605 2263 Tigurinae
632 2221 845 2262 exemplari,
881 2221 972 2262 quod
997 2222 1180 2252 Huttenus
1213 2230 1279 2251 Sua
1310 2230 1419 2251 manu
1451 2219 1677 2258 emendavit,
1710 2219 1807 2250 infra
1832 2220 1980 2261 scriptae

279 2279 528 2310 adnotationes
553 2277 727 2308 addendae
754 2279 850 2308 sunt:

276 2334 354 2366 Vol.
370 2345 454 2376 pag.
469 2343 562 2365 vers.

293 2391 341 2423 II.
414 2389 453 2421 13
499 2396 530 2421 21
577 2386 827 2430 praetergredi]
855 2389 974 2420 delevit
997 2393 1036 2420 H.
1055 2393 1090 2420 et
1113 2389 1297 2429 adscripsit
1323 2386 1392 2428 ledi
1417 2390 1510 2430 <puto
1539 2388 1678 2430 egredi)

406 2445 448 2476 14
493 2452 526 2476 22
571 2445 688 2476 literis
715 2442 762 2485 et]
788 2443 922 2483 literis,
949 2444 978 2476 81,

346 2500 352 2504 “
407 2501 446 2532 15
508 2508 523 2531 5
568 2498 734 2541 nominis]
761 2500 865 2531 nobis
891 2503 923 2532 2.
952 2501 1044 2542 quod
1061 2505 1098 2531 H.
1125 2501 1212 2532 linea
1237 2503 1436 2533 transducta
1460 2505 1492 2532 et
1517 2501 1672 2542 adposito
1697 2501 1792 2540 signo
1819 2503 1851 2536 ,ἣ
1879 2499 1982 2541 (qnod

634 2567 670 2588 se
701 2558 811 2597 legere
844 2566 908 2587 71072
932 2558 1080 2597 poluisse
1106 2557 1283 2589 Miinclzz'ns
1313 2557 1499 2598 adnotavit)
1525 2557 1735 2588 omillendmn
1760 2566 1833 2587 esse
1857 2556 1980 2596 signifi-

635 2613 731 2644 cavit.

508 2675 522 2700 7
568 2665 782 2710 proculcatas
804 2669 837 2698 2.
862 2665 888 2698 u*
908 2671 948 2699 H.

496 2731 526 2757 10
572 2726 651 2757 viro
676 2727 709 2757 2.
737 2735 755 2755 e
780 2728 817 2754 H.

493 2787 525 2812 20
570 2778 779 2823 Euangeld,
806 2783 839 2812 2.
865 2781 878 2811 i
902 2783 941 2809 H.

408 2835 448 2867 16
495 2843 525 2868 10
570 2836 782 2877 maniestas,
809 2839 842 2869 2.
868 2837 884 2867 f
905 2840 944 2866 H.

493 2898 524 2923 15
572 2894 797 2925 concitiare?
822 2894 835 2923 i
859 2894 962 2924 deleo.
982 2894 1020 2922 H.

493 2954 525 2979 2ss
572 2960 634 2990 pro
660 2950 769 2980 omiss.
789 2951 822 2981 2.
840 2950 1022 2989 adscripsit
1047 2951 1086 2978 H.

493 3009 525 3035 36
574 3015 652 3036 esse
678 3003 782 3046 quod]
811 3015 907 3045 esse,
935 3004 1027 3045 quod
1050 3008 1088 3038 H,

410 3058 449 3090 17
497 3065 528 3090 14
576 3060 786 3092 adnituntur
810 3064 844 3093 2.
869 3062 934 3093 del.
952 3064 990 3091 H.
1010 3060 1193 3101 adscripsit
1221 3055 1307 3096 lmur
1334 3060 1384 3101 (id
1401 3062 1468 3103 suit
1495 3059 1704 3102 adnitimur)
