2081 3517
305 187 319 231 1
337 187 398 232 46
431 205 592 229 HVTTENI
606 206 654 228 AD
668 205 754 228 CAES.
765 202 1045 227 MAXIMILIANVM
1058 203 1103 225 VT
1118 202 1264 224 BELLVM
1279 201 1316 223 IN
1331 201 1496 224 VENETOS
1511 200 1664 228 PROSEQ.
1674 200 2000 224 EXHORTATova.

566 307 625 346 Ah
655 307 746 345 sinis
777 306 859 343 liaee
889 303 1053 353 aliquem
1085 303 1155 340 tihi
1185 302 1401 341 detrectare
1431 308 1587 341 tuorum

500 388 549 413 520
677 373 769 417 Quae
800 382 998 420 nunquam
1030 370 1172 407 iustum
1203 381 1456 419 promeruere
1487 369 1644 407 odium?

567 440 674 478 Aude
705 438 847 488 aliquid
878 436 1064 486 factisque
1094 436 1201 474 novis
1230 437 1341 474 istam
1372 436 1458 474 elue
1488 436 1648 479 famam,

679 506 770 550 Qua}
801 510 927 541 tamen
958 502 1058 541 haud
1091 514 1243 547 causaS,
1275 503 1377 541 unde
1408 507 1579 546 seratur,
1611 501 1747 540 hahet:

567 573 770 622 Nunquam
803 569 938 620 aliquis
968 570 1060 608 vidit
1090 569 1181 608 luxu
1214 576 1250 609 te
1283 571 1407 619 egisse
1437 570 1596 619 supino,

499 652 548 676 52²4
676 637 880 686 Nunquam
912 635 1048 686 aliquis
1078 637 1173 675 vidit
1202 642 1331 676 mente
1362 641 1520 675 vacante
1550 635 1693 679 levem,

565 706 690 754 [tque
722 703 846 741 solent
875 715 1007 753 reges,
1040 702 1197 742 mollem
1229 704 1423 742 deducere
1455 704 1568 741 vitani

678 770 888 820 Dulciaque
921 769 1101 819 amplecti
1132 770 1358 820 deliciisque
1390 771 1484 813 frui;

567 838 728 886 Semper
759 837 854 874 dura
886 838 986 887 pati,
1017 848 1172 887 semper
1204 836 1339 886 sugere
1371 838 1452 875 ocia
1484 842 1728 887 promptum,

497 918 544 941 5‘23
674 903 817 941 Duritia
850 908 1016 941 mentem
1048 903 1316 953 perdomuisse
1346 909 1468 953 patet:

567 970 698 1008 Castra
729 969 934 1019 voluptatis
964 982 1164 1021 nunquam
1196 970 1357 1009 civiliter
1391 972 1530 1014 intras,

677 1036 751 1075 Sed
782 1041 964 1087 tanquam
995 1037 1154 1087 laqueos
1183 1037 1417 1088 insidiasque
1448 1037 1567 1086 fugis3

564 1103 611 1141 Et
641 1103 830 1152 siquando
863 1104 1000 1148 audes,
1032 1116 1231 1154 uunquam
1262 1104 1494 1142 temerarius
1524 1104 1644 1142 infers

495 1183 545 1209 532
673 1171 808 1215 Arma,
841 1171 909 1209 sed
941 1184 987 1209 ex
1019 1183 1142 1209 causae
1174 1171 1400 1210 condicione
1431 1171 1576 1220 gravis;

564 1236 740 1287 Dumque
771 1238 909 1281 infers,
944 1250 1021 1275 non
1052 1237 1180 1276 lentus
1211 1239 1322 1282 ades,
1355 1250 1434 1275 non
1465 1237 1622 1276 ultimus
1653 1243 1773 1279 astas,

677 1304 730 1342 Ex
763 1305 843 1343 acie
874 1306 1022 1355 primos
1052 1307 1226 1344 conseris
1257 1310 1345 1343 ante
1375 1305 1505 1343 duces.

566 1371 661 1421 Spes
691 1371 787 1409 mihi
816 1383 887 1422 per
917 1377 954 1410 te
985 1373 1101 1421 igitur
1133 1372 1353 1410 cunctando
1384 1373 1533 1409 restitui
1565 1384 1670 1415 rem,

497 1451 545 1475 530
675 1440 766 1482 Quie
797 1450 900 1477 nunc.
932 1452 978 1477 ex
1010 1440 1136 1477 animo
1169 1444 1318 1489 statque
1351 1438 1527 1489 caditque
1558 1443 1637 1476 tuo.

565 1504 647 1543 Huc
680 1517 750 1555 ego
781 1506 857 1543 iam
888 1506 1038 1555 pridem
1070 1518 1132 1545 res
1165 1506 1233 1544 abs
1264 1511 1300 1544 te
1333 1505 1471 1555 colligo
1503 1511 1650 1555 gestas,

676 1573 848 1618 Quarum
881 1578 956 1617 est,
989 1585 1103 1623 quam
1135 1572 1268 1618 debet,
1301 1571 1383 1610 laus
1413 1571 1481 1610 tibi
1511 1578 1620 1622 parta
1652 1573 1799 1610 minor:

562 1697 615 1732 Ah
647 1698 733 1732 sinis
763 1698 841 1733 lizec
870 1697 1024 1744 aliquem
1057 1698 1118 1733 tibi
1149 1698 1348 1733 detrectare
1381 1704 1523 1733 tuorum
1931 1707 2004 1740 (519)

676 1752 759 1796 Quze
789 1765 968 1800 nunquam
1001 1754 1132 1789 iustum
1163 1765 1395 1800 promeruere
1428 1754 1570 1788 odium?
1931 1764 2005 1797 (520)

563 1809 749 1856 Nunquam
780 1809 908 1856 aliquis
939 1810 1026 1844 vidit
1057 1810 1140 1845 luxu
1172 1816 1205 1845 te
1237 1810 1354 1856 egisse
1385 1810 1536 1856 supino,
1931 1820 2004 1854 (523)

496 1873 546 1898 265
674 1865 859 1911 Nunquam
891 1865 1020 1911 aliquis
1053 1865 1137 1900 vidit
1169 1872 1285 1900 mente
1315 1871 1460 1901 vacante
1492 1864 1622 1903 levem,
1931 1877 2004 1908 (524)

565 1920 679 1967 [thue
711 1920 828 1955 solent
860 1932 982 1967 reges,
1015 1920 1159 1956 mollem
1190 1921 1364 1956 deducere
1395 1921 1499 1956 vitam

676 1975 868 2023 Dulciaque
900 1976 1064 2023 amplecti
1097 1977 1302 2024 delitiisque
1333 1977 1424 2017 srui;

564 2032 711 2079 Semper
741 2032 828 2067 dura
859 2033 951 2079 pati,
984 2044 1124 2080 semper
1154 2033 1278 2079 sugere
1310 2034 1386 2068 ocia
1412 2038 1605 2078 promptus

497 2096 547 2122 272
674 2088 878 2134 Duritiaqne
909 2090 1066 2123 animum
1097 2089 1344 2136 perdomuisse
1375 2090 1488 2124 soles.-
1638 2093 1641 2095 ’
1931 2099 2004 2132 (525)

565 2144 687 2179 Castra
718 2143 913 2191 voluptatis
945 2156 1126 2192 nunquam
1157 2144 1308 2180 civiliter
1338 2145 1469 2183 intras,

676 2199 742 2235 Sed
774 2206 941 2247 tanquam
970 2200 1118 2247 laqueos
1149 2201 1365 2247 insidiasque
1398 2201 1511 2246 sugis,

563 2254 605 2289 Et
638 2255 666 2289 si
699 2256 839 2302 quando
872 2256 997 2295 audes,
1029 2268 1212 2303 nunquam
1243 2256 1455 2291 temerarius
1487 2256 1598 2291 infers

497 2320 546 2345 276
674 2312 797 2350 Arma,
830 2312 891 2346 sed
923 2323 964 2346 ex
994 2323 1110 2347 caus-ze
1141 2312 1346 2347 conditione
1376 2312 1514 2358 gravis;
1932 2323 2004 2356 (532)

564 2366 721 2413 Dumque
752 2367 883 2407 infers,
915 2378 987 2402 non
1018 2368 1136 2403 lentus
1169 2368 1271 2407 ades,
1304 2379 1375 2403 non
1407 2367 1553 2402 ultimus
1585 2368 1722 2407 adstas,

678 2423 725 2457 Ex
756 2423 828 2458 acie
859 2423 995 2470 primos
1025 2424 1185 2459 conseris
1216 2429 1297 2459 ante
1327 2424 1447 2458 duces.

566 2477 654 2525 Spes
684 2478 769 2513 milii
801 2490 865 2525 per
896 2484 930 2514 te
961 2479 1073 2525 igitur
1102 2479 1302 2515 cunctando
1332 2479 1474 2514 restitui
1505 2490 1601 2518 rein,

497 2542 546 2568 250
676 2533 759 2576 Quae
789 2545 882 2570 nune
913 2546 954 2569 ex
985 2536 1100 2570 animo
1132 2541 1273 2582 statque
1304 2535 1467 2582 caditque
1499 2541 1573 2570 tuo.
1928 2545 2002 2579 (536)

564 2589 639 2625 Ilue
668 2601 736 2637 ego
767 2590 835 2625 iam
866 2590 1001 2636 pridem
1033 2602 1089 2625 res
1121 2603 1142 2626 (ι
1174 2597 1208 2625 te
1238 2591 1370 2637 colligo
1402 2596 1541 2637 gestas,
1929 2602 2003 2635 (537)

677 2645 832 2688 Quarum
863 2651 934 2686 est,
967 2658 1070 2692 quam
1101 2646 1223 2686 dehet,
1255 2646 1332 2682 laus
1370 2647 1433 2681 tibi
1464 2652 1565 2694 parta
1596 2647 1723 2683 minor.
1931 2657 2005 2690 (538)

387 2763 428 2784 5²²
452 2763 607 2807 seratur]
627 2765 811 2806 polluatur
827 2766 1052 2798 sermonibus
1070 2767 1172 2800 satis.
1236 2765 1278 2786 5³²
1305 2767 1511 2799 conditione
1531 2769 1627 2800 3...5.
1691 2766 1734 2786 533
1761 2767 1885 2799 adstas
1904 2769 2002 2800 3...5.

299 2818 340 2838 5³5
367 2820 423 2851 Cf.
442 2821 550 2862 Verg.
570 2821 658 2852 Aen.
678 2821 739 2853 VI.
757 2821 834 2853 846.
907 2822 1046 2853 Ennius
1073 2833 1129 2864 ap.
1150 2821 1227 2855 Cic.
1247 2823 1289 2854 de
1315 2833 1391 2854 sen.
1410 2823 1442 2853 4.
1463 2823 1506 2854 de
1524 2823 1640 2854 Fabio
1665 2824 1843 2854 Maximo:

498 2876 599 2907 Unus
624 2876 729 2908 homo
754 2877 860 2908 nobis
887 2878 1090 2909 cunctando
1116 2878 1276 2909 restituit
1301 2889 1392 2909 rem:

498 2932 660 2963 Noenum
686 2942 846 2964 rumores
872 2934 1033 2974 ponebat
1059 2937 1143 2964 ante
1170 2933 1342 2972 salutein3

498 2987 594 3028 Ergo
620 2991 771 3029 postque
797 2989 985 3029 magisque
1010 2989 1080 3021 viri
1103 2999 1197 3020 nune
1223 2989 1338 3030 gloria
1363 2989 1488 3021 claret.

301 3040 355 3072 Cf.
373 3041 522 3072 Lachm.
542 3043 588 3074 ad
604 3043 751 3075 Lueret.
770 3055 804 3086 p.
825 3043 898 3075 150.
