<?xml version="1.0" encoding="UTF-8"?>
<!DOCTYPE html PUBLIC "-//W3C//DTD XHTML 1.0 Transitional//EN"
    "http://www.w3.org/TR/xhtml1/DTD/xhtml1-transitional.dtd">
<html xmlns="http://www.w3.org/1999/xhtml" xml:lang="en" lang="en">
 <head>
  <title>
</title>
<meta http-equiv="Content-Type" content="text/html;charset=utf-8" />
  <meta name='ocr-system' content='tesseract 3.04.00' />
  <meta name='ocr-capabilities' content='ocr_page ocr_carea ocr_par ocr_line ocrx_word'/>
</head>
<body>
  <div class='ocr_page' id='page_1' title='image "./operaquaereperir03huttuoft/operaquaereperir03huttuoft_0126.png"; bbox 0 0 2081 3517; ppageno 0'>
   <div class='ocr_carea' id='block_1_1' title="bbox 882 746 1410 814">
    <p class='ocr_par' dir='ltr' id='par_1_1' title="bbox 882 746 1410 814">
     <span class='ocr_line' id='line_1_1' title="bbox 882 746 1410 814; baseline 0.004 -2"><span class='ocrx_word' id='word_1_1' title='bbox 882 746 1140 813; x_wconf 41' lang='grc'>1111011111)</span> <span class='ocrx_word' id='word_1_2' title='bbox 1172 777 1410 814; x_wconf 63' lang='lat' dir='ltr'>rotronis</span> 
     </span>
    </p>
   </div>
   <div class='ocr_carea' id='block_1_2' title="bbox 297 897 1997 1891">
    <p class='ocr_par' dir='ltr' id='par_1_2' title="bbox 297 897 1997 1891">
     <span class='ocr_line' id='line_1_2' title="bbox 394 897 1996 940; baseline 0.001 -10"><span class='ocrx_word' id='word_1_3' title='bbox 394 900 543 929; x_wconf 80' lang='lat' dir='ltr'>Litterae</span> <span class='ocrx_word' id='word_1_4' title='bbox 569 899 599 928; x_wconf 78' lang='lat' dir='ltr'>si</span> <span class='ocrx_word' id='word_1_5' title='bbox 626 897 766 939; x_wconf 81' lang='lat' dir='ltr'>quando</span> <span class='ocrx_word' id='word_1_6' title='bbox 797 907 908 928; x_wconf 78' lang='lat' dir='ltr'>novas</span> <span class='ocrx_word' id='word_1_7' title='bbox 941 898 1011 928; x_wconf 88' lang='lat' dir='ltr'>sibi</span> <span class='ocrx_word' id='word_1_8' title='bbox 1042 898 1190 930; x_wconf 88' lang='lat' dir='ltr'>induere</span> <span class='ocrx_word' id='word_1_9' title='bbox 1223 900 1356 930; x_wconf 83' lang='lat' dir='ltr'>formas</span> <span class='ocrx_word' id='word_1_10' title='bbox 1389 900 1613 938; x_wconf 68' lang='lat' dir='ltr'>desinerent,</span> <span class='ocrx_word' id='word_1_11' title='bbox 1648 909 1717 930; x_wconf 88' lang='grc'>11011</span> <span class='ocrx_word' id='word_1_12' title='bbox 1749 903 1895 940; x_wconf 81' lang='lat' dir='ltr'>possent</span> <span class='ocrx_word' id='word_1_13' title='bbox 1926 910 1996 931; x_wconf 83' lang='lat' dir='ltr'>non</span> 
     </span>
     <span class='ocr_line' id='line_1_3' title="bbox 306 953 1996 996; baseline 0.001 -11"><span class='ocrx_word' id='word_1_14' title='bbox 306 956 415 986; x_wconf 85' lang='lat' dir='ltr'>emori</span> <span class='ocrx_word' id='word_1_15' title='bbox 442 954 583 985; x_wconf 85' lang='lat' dir='ltr'>tandem</span> <span class='ocrx_word' id='word_1_16' title='bbox 610 954 708 994; x_wconf 64' lang='lat' dir='ltr'>ipsze..</span> <span class='ocrx_word' id='word_1_17' title='bbox 756 954 836 983; x_wconf 64' lang='lat' dir='ltr'>lfna</span> <span class='ocrx_word' id='word_1_18' title='bbox 862 953 1003 994; x_wconf 88' lang='lat' dir='ltr'>quidem</span> <span class='ocrx_word' id='word_1_19' title='bbox 1030 955 1225 995; x_wconf 85' lang='lat' dir='ltr'>eademque</span> <span class='ocrx_word' id='word_1_20' title='bbox 1251 955 1382 996; x_wconf 85' lang='lat' dir='ltr'>ubique</span> <span class='ocrx_word' id='word_1_21' title='bbox 1407 955 1563 986; x_wconf 89' lang='lat' dir='ltr'>locorum</span> <span class='ocrx_word' id='word_1_22' title='bbox 1590 965 1632 985; x_wconf 86' lang='lat' dir='ltr'>ac</span> <span class='ocrx_word' id='word_1_23' title='bbox 1651 958 1848 996; x_wconf 76' lang='lat' dir='ltr'>temporum</span> <span class='ocrx_word' id='word_1_24' title='bbox 1867 958 1921 986; x_wconf 83' lang='lat' dir='ltr'>est</span> <span class='ocrx_word' id='word_1_25' title='bbox 1938 966 1996 986; x_wconf 87' lang='lat' dir='ltr'>ve-</span> 
     </span>
     <span class='ocr_line' id='line_1_4' title="bbox 303 1009 1994 1051; baseline 0.001 -10"><span class='ocrx_word' id='word_1_26' title='bbox 303 1014 409 1049; x_wconf 73' lang='lat' dir='ltr'>rItas,</span> <span class='ocrx_word' id='word_1_27' title='bbox 436 1011 546 1048; x_wconf 79' lang='lat' dir='ltr'>ratio,</span> <span class='ocrx_word' id='word_1_28' title='bbox 578 1009 799 1044; x_wconf 77' lang='lat' dir='ltr'>luunanitas,</span> <span class='ocrx_word' id='word_1_29' title='bbox 832 1018 903 1039; x_wconf 84' lang='lat' dir='ltr'>una</span> <span class='ocrx_word' id='word_1_30' title='bbox 936 1009 1132 1051; x_wconf 86' lang='lat' dir='ltr'>eademque</span> <span class='ocrx_word' id='word_1_31' title='bbox 1165 1010 1323 1051; x_wconf 86' lang='lat' dir='ltr'>bonitas,</span> <span class='ocrx_word' id='word_1_32' title='bbox 1359 1011 1516 1050; x_wconf 85' lang='lat' dir='ltr'>iustitia,</span> <span class='ocrx_word' id='word_1_33' title='bbox 1548 1011 1736 1049; x_wconf 84' lang='lat' dir='ltr'>honestas,</span> <span class='ocrx_word' id='word_1_34' title='bbox 1769 1021 1859 1042; x_wconf 86' lang='lat' dir='ltr'>unus</span> <span class='ocrx_word' id='word_1_35' title='bbox 1891 1010 1994 1042; x_wconf 86' lang='lat' dir='ltr'>deus:</span> 
     </span>
     <span class='ocr_line' id='line_1_5' title="bbox 301 1064 1996 1109; baseline 0.001 -11"><span class='ocrx_word' id='word_1_36' title='bbox 301 1066 534 1108; x_wconf 75' lang='lat' dir='ltr'>p&#39;hilosophiae</span> <span class='ocrx_word' id='word_1_37' title='bbox 561 1068 696 1101; x_wconf 87' lang='lat' dir='ltr'>autem,</span> <span class='ocrx_word' id='word_1_38' title='bbox 730 1064 817 1095; x_wconf 89' lang='lat' dir='ltr'>iuris</span> <span class='ocrx_word' id='word_1_39' title='bbox 851 1064 1042 1101; x_wconf 82' lang='lat' dir='ltr'>doctrinae,</span> <span class='ocrx_word' id='word_1_40' title='bbox 1078 1065 1270 1107; x_wconf 57' lang='lat' dir='ltr'>theologiae</span> <span class='ocrx_word' id='word_1_41' title='bbox 1298 1069 1334 1097; x_wconf 86' lang='lat' dir='ltr'>at</span> <span class='ocrx_word' id='word_1_42' title='bbox 1360 1076 1465 1107; x_wconf 88' lang='lat' dir='ltr'>quam</span> <span class='ocrx_word' id='word_1_43' title='bbox 1490 1067 1642 1099; x_wconf 78' lang='lat' dir='ltr'>diversae</span> <span class='ocrx_word' id='word_1_44' title='bbox 1667 1070 1750 1101; x_wconf 86' lang='lat' dir='ltr'>sunt</span> <span class='ocrx_word' id='word_1_45' title='bbox 1774 1078 1835 1108; x_wconf 88' lang='lat' dir='ltr'>pro</span> <span class='ocrx_word' id='word_1_46' title='bbox 1861 1070 1996 1109; x_wconf 85' lang='lat' dir='ltr'>tempo—</span> 
     </span>
     <span class='ocr_line' id='line_1_6' title="bbox 303 1120 1997 1164; baseline 0.001 -11"><span class='ocrx_word' id='word_1_47' title='bbox 303 1133 377 1153; x_wconf 84' lang='lat' dir='ltr'>rum</span> <span class='ocrx_word' id='word_1_48' title='bbox 408 1122 635 1162; x_wconf 87' lang='lat' dir='ltr'>locorumque</span> <span class='ocrx_word' id='word_1_49' title='bbox 667 1120 954 1160; x_wconf 80' lang='lat' dir='ltr'>diversitatibus3</span> <span class='ocrx_word' id='word_1_50' title='bbox 987 1121 1330 1162; x_wconf 85' lang='lat' dir='ltr'>philosophumena,</span> <span class='ocrx_word' id='word_1_51' title='bbox 1364 1122 1687 1164; x_wconf 80' lang='lat' dir='ltr'>dieaeologumena‚</span> <span class='ocrx_word' id='word_1_52' title='bbox 1721 1122 1997 1164; x_wconf 82' lang='lat' dir='ltr'>theologumena</span> 
     </span>
     <span class='ocr_line' id='line_1_7' title="bbox 302 1176 1997 1220; baseline 0.001 -11"><span class='ocrx_word' id='word_1_53' title='bbox 302 1178 462 1215; x_wconf 84' lang='lat' dir='ltr'>variant,</span> <span class='ocrx_word' id='word_1_54' title='bbox 490 1181 527 1208; x_wconf 82' lang='lat' dir='ltr'>at</span> <span class='ocrx_word' id='word_1_55' title='bbox 551 1176 705 1215; x_wconf 79' lang='lat' dir='ltr'>veritas,</span> <span class='ocrx_word' id='word_1_56' title='bbox 732 1176 888 1213; x_wconf 83' lang='lat' dir='ltr'>iustitia,</span> <span class='ocrx_word' id='word_1_57' title='bbox 916 1177 1002 1208; x_wconf 88' lang='lat' dir='ltr'>deus</span> <span class='ocrx_word' id='word_1_58' title='bbox 1028 1187 1098 1209; x_wconf 87' lang='lat' dir='ltr'>non</span> <span class='ocrx_word' id='word_1_59' title='bbox 1123 1178 1279 1209; x_wconf 81' lang='lat' dir='ltr'>variant.</span> <span class='ocrx_word' id='word_1_60' title='bbox 1329 1177 1464 1219; x_wconf 86' lang='lat' dir='ltr'>deoque</span> <span class='ocrx_word' id='word_1_61' title='bbox 1489 1179 1709 1220; x_wconf 77' lang='lat' dir='ltr'><strong>veritatique</strong></span> <span class='ocrx_word' id='word_1_62' title='bbox 1734 1189 1849 1220; x_wconf 86' lang='lat' dir='ltr'>neque</span> <span class='ocrx_word' id='word_1_63' title='bbox 1875 1179 1997 1210; x_wconf 89' lang='lat' dir='ltr'>decre-</span> 
     </span>
     <span class='ocr_line' id='line_1_8' title="bbox 300 1227 1996 1277; baseline 0 -12"><span class='ocrx_word' id='word_1_64' title='bbox 300 1244 400 1265; x_wconf 84' lang='lat' dir='ltr'>scere</span> <span class='ocrx_word' id='word_1_65' title='bbox 427 1233 617 1274; x_wconf 81' lang='lat' dir='ltr'>quidquam</span> <span class='ocrx_word' id='word_1_66' title='bbox 643 1243 756 1273; x_wconf 87' lang='lat' dir='ltr'>neque</span> <span class='ocrx_word' id='word_1_67' title='bbox 785 1232 995 1264; x_wconf 77' lang='lat' dir='ltr'>adcrescere</span> <span class='ocrx_word' id='word_1_68' title='bbox 1020 1236 1156 1275; x_wconf 85' lang='lat' dir='ltr'>potest,</span> <span class='ocrx_word' id='word_1_69' title='bbox 1183 1233 1246 1265; x_wconf 89' lang='lat' dir='ltr'>sed</span> <span class='ocrx_word' id='word_1_70' title='bbox 1272 1244 1376 1277; x_wconf 65' lang='lat' dir='ltr'>qutun</span> <span class='ocrx_word' id='word_1_71' title='bbox 1402 1235 1438 1265; x_wconf 91' lang='lat' dir='ltr'>in</span> <span class='ocrx_word' id='word_1_72' title='bbox 1464 1227 1798 1270; x_wconf 57' lang='lat' dir='ltr'>111entibris.dbst1·is</span> <span class='ocrx_word' id='word_1_73' title='bbox 1823 1235 1879 1266; x_wconf 88' lang='lat' dir='ltr'>dei</span> <span class='ocrx_word' id='word_1_74' title='bbox 1903 1235 1996 1267; x_wconf 86' lang='lat' dir='ltr'>veri—</span> 
     </span>
     <span class='ocr_line' id='line_1_9' title="bbox 301 1288 1996 1332; baseline 0.001 -12"><span class='ocrx_word' id='word_1_75' title='bbox 301 1290 456 1331; x_wconf 86' lang='lat' dir='ltr'>tatisque</span> <span class='ocrx_word' id='word_1_76' title='bbox 483 1289 631 1321; x_wconf 86' lang='lat' dir='ltr'>formam</span> <span class='ocrx_word' id='word_1_77' title='bbox 656 1288 894 1329; x_wconf 82' lang='lat' dir='ltr'>imaginemve</span> <span class='ocrx_word' id='word_1_78' title='bbox 920 1289 1023 1320; x_wconf 87' lang='lat' dir='ltr'>nobis</span> <span class='ocrx_word' id='word_1_79' title='bbox 1048 1290 1212 1331; x_wconf 70' lang='lat' dir='ltr'>fingimus</span> <span class='ocrx_word' id='word_1_80' title='bbox 1237 1301 1314 1321; x_wconf 86' lang='lat' dir='ltr'>cum</span> <span class='ocrx_word' id='word_1_81' title='bbox 1340 1291 1462 1332; x_wconf 85' lang='lat' dir='ltr'>populi</span> <span class='ocrx_word' id='word_1_82' title='bbox 1488 1293 1561 1321; x_wconf 89' lang='lat' dir='ltr'>tum</span> <span class='ocrx_word' id='word_1_83' title='bbox 1587 1290 1790 1331; x_wconf 73' lang='lat' dir='ltr'>singulares</span> <span class='ocrx_word' id='word_1_84' title='bbox 1822 1290 1996 1331; x_wconf 84' lang='lat' dir='ltr'>homines,</span> 
     </span>
     <span class='ocr_line' id='line_1_10' title="bbox 301 1344 1997 1388; baseline 0.001 -12"><span class='ocrx_word' id='word_1_85' title='bbox 301 1356 344 1376; x_wconf 84' lang='lat' dir='ltr'>ea</span> <span class='ocrx_word' id='word_1_86' title='bbox 370 1346 511 1386; x_wconf 82' lang='lat' dir='ltr'>quidem</span> <span class='ocrx_word' id='word_1_87' title='bbox 536 1345 639 1376; x_wconf 79' lang='lat' dir='ltr'>varia</span> <span class='ocrx_word' id='word_1_88' title='bbox 665 1348 699 1375; x_wconf 88' lang='lat' dir='ltr'>et</span> <span class='ocrx_word' id='word_1_89' title='bbox 725 1344 989 1375; x_wconf 85' lang='lat' dir='ltr'>commutabilis</span> <span class='ocrx_word' id='word_1_90' title='bbox 1016 1349 1090 1385; x_wconf 86' lang='lat' dir='ltr'>est,</span> <span class='ocrx_word' id='word_1_91' title='bbox 1123 1356 1222 1377; x_wconf 79' lang='lat' dir='ltr'>suam</span> <span class='ocrx_word' id='word_1_92' title='bbox 1248 1347 1414 1388; x_wconf 85' lang='lat' dir='ltr'>quisque,</span> <span class='ocrx_word' id='word_1_93' title='bbox 1448 1357 1519 1377; x_wconf 83' lang='lat' dir='ltr'>non</span> <span class='ocrx_word' id='word_1_94' title='bbox 1542 1356 1650 1377; x_wconf 87' lang='lat' dir='ltr'>unam</span> <span class='ocrx_word' id='word_1_95' title='bbox 1681 1346 1864 1378; x_wconf 89' lang='lat' dir='ltr'>habemus.</span> <span class='ocrx_word' id='word_1_96' title='bbox 1912 1348 1997 1388; x_wconf 84' lang='lat' dir='ltr'>Ipsa</span> 
     </span>
     <span class='ocr_line' id='line_1_11' title="bbox 301 1400 1997 1443; baseline 0.002 -12"><span class='ocrx_word' id='word_1_97' title='bbox 301 1411 437 1442; x_wconf 89' lang='lat' dir='ltr'>quoque</span> <span class='ocrx_word' id='word_1_98' title='bbox 465 1401 508 1431; x_wconf 89' lang='lat' dir='ltr'>ab</span> <span class='ocrx_word' id='word_1_99' title='bbox 534 1400 699 1431; x_wconf 89' lang='lat' dir='ltr'>humanis</span> <span class='ocrx_word' id='word_1_100' title='bbox 725 1401 881 1441; x_wconf 85' lang='lat' dir='ltr'>ingeniis</span> <span class='ocrx_word' id='word_1_101' title='bbox 906 1404 1098 1442; x_wconf 83' lang='lat' dir='ltr'>procreata</span> <span class='ocrx_word' id='word_1_102' title='bbox 1123 1412 1234 1443; x_wconf 82' lang='lat' dir='ltr'>opera</span> <span class='ocrx_word' id='word_1_103' title='bbox 1259 1403 1320 1433; x_wconf 89' lang='lat' dir='ltr'>ubi</span> <span class='ocrx_word' id='word_1_104' title='bbox 1345 1403 1595 1434; x_wconf 83' lang='lat' dir='ltr'>transformari</span> <span class='ocrx_word' id='word_1_105' title='bbox 1621 1402 1824 1439; x_wconf 86' lang='lat' dir='ltr'>desierunt,</span> <span class='ocrx_word' id='word_1_106' title='bbox 1853 1403 1997 1434; x_wconf 78' lang='lat' dir='ltr'>oblitte-</span> 
     </span>
     <span class='ocr_line' id='line_1_12' title="bbox 303 1457 1997 1500; baseline 0.001 -12"><span class='ocrx_word' id='word_1_107' title='bbox 303 1460 383 1488; x_wconf 86' lang='lat' dir='ltr'>rata</span> <span class='ocrx_word' id='word_1_108' title='bbox 416 1458 491 1488; x_wconf 79' lang='lat' dir='ltr'>vita</span> <span class='ocrx_word' id='word_1_109' title='bbox 524 1467 588 1488; x_wconf 85' lang='lat' dir='ltr'>sua</span> <span class='ocrx_word' id='word_1_110' title='bbox 620 1457 747 1487; x_wconf 82' lang='lat' dir='ltr'>functa</span> <span class='ocrx_word' id='word_1_111' title='bbox 779 1459 871 1487; x_wconf 90' lang='lat' dir='ltr'>sunt.</span> <span class='ocrx_word' id='word_1_112' title='bbox 922 1457 1014 1498; x_wconf 86' lang='lat' dir='ltr'>quod</span> <span class='ocrx_word' id='word_1_113' title='bbox 1046 1457 1088 1488; x_wconf 90' lang='lat' dir='ltr'>de</span> <span class='ocrx_word' id='word_1_114' title='bbox 1123 1458 1174 1489; x_wconf 89' lang='lat' dir='ltr'>eis</span> <span class='ocrx_word' id='word_1_115' title='bbox 1207 1469 1344 1500; x_wconf 83' lang='lat' dir='ltr'>quoque</span> <span class='ocrx_word' id='word_1_116' title='bbox 1376 1459 1544 1500; x_wconf 80' lang='lat' dir='ltr'>operibus</span> <span class='ocrx_word' id='word_1_117' title='bbox 1583 1458 1784 1500; x_wconf 85' lang='lat' dir='ltr'>opificiisve</span> <span class='ocrx_word' id='word_1_118' title='bbox 1818 1469 1895 1500; x_wconf 77' lang='lat' dir='ltr'>quae</span> <span class='ocrx_word' id='word_1_119' title='bbox 1926 1470 1997 1490; x_wconf 89' lang='lat' dir='ltr'>non</span> 
     </span>
     <span class='ocr_line' id='line_1_13' title="bbox 299 1513 1997 1556; baseline 0.002 -13"><span class='ocrx_word' id='word_1_120' title='bbox 299 1513 412 1554; x_wconf 86' lang='lat' dir='ltr'>ipsius</span> <span class='ocrx_word' id='word_1_121' title='bbox 443 1513 589 1543; x_wconf 85' lang='lat' dir='ltr'>humani</span> <span class='ocrx_word' id='word_1_122' title='bbox 623 1513 761 1553; x_wconf 84' lang='lat' dir='ltr'>ingenii</span> <span class='ocrx_word' id='word_1_123' title='bbox 792 1513 938 1554; x_wconf 88' lang='lat' dir='ltr'>propria</span> <span class='ocrx_word' id='word_1_124' title='bbox 968 1514 1194 1555; x_wconf 73' lang='lat' dir='ltr'>ingenitaque</span> <span class='ocrx_word' id='word_1_125' title='bbox 1222 1515 1357 1554; x_wconf 88' lang='lat' dir='ltr'>forma,</span> <span class='ocrx_word' id='word_1_126' title='bbox 1389 1515 1499 1547; x_wconf 89' lang='lat' dir='ltr'>verbo</span> <span class='ocrx_word' id='word_1_127' title='bbox 1524 1518 1628 1556; x_wconf 84' lang='lat' dir='ltr'>puta,</span> <span class='ocrx_word' id='word_1_128' title='bbox 1662 1515 1724 1545; x_wconf 88' lang='lat' dir='ltr'>sed</span> <span class='ocrx_word' id='word_1_129' title='bbox 1756 1525 1873 1546; x_wconf 87' lang='lat' dir='ltr'>rerum</span> <span class='ocrx_word' id='word_1_130' title='bbox 1904 1515 1997 1547; x_wconf 84' lang='lat' dir='ltr'>silva</span> 
     </span>
     <span class='ocr_line' id='line_1_14' title="bbox 299 1568 1997 1612; baseline 0.001 -12"><span class='ocrx_word' id='word_1_131' title='bbox 299 1569 577 1610; x_wconf 83' lang='lat' dir='ltr'>corporibusque</span> <span class='ocrx_word' id='word_1_132' title='bbox 606 1571 706 1599; x_wconf 83' lang='lat' dir='ltr'>extra</span> <span class='ocrx_word' id='word_1_133' title='bbox 730 1568 910 1599; x_wconf 88' lang='lat' dir='ltr'>hominem</span> <span class='ocrx_word' id='word_1_134' title='bbox 936 1569 1174 1601; x_wconf 78' lang='lat' dir='ltr'>existentibus</span> <span class='ocrx_word' id='word_1_135' title='bbox 1199 1570 1269 1602; x_wconf 88' lang='lat' dir='ltr'>vim</span> <span class='ocrx_word' id='word_1_136' title='bbox 1295 1580 1395 1602; x_wconf 87' lang='lat' dir='ltr'>suam</span> <span class='ocrx_word' id='word_1_137' title='bbox 1422 1574 1608 1611; x_wconf 79' lang='lat' dir='ltr'>exercent,</span> <span class='ocrx_word' id='word_1_138' title='bbox 1642 1571 1755 1603; x_wconf 83' lang='lat' dir='ltr'>veluti</span> <span class='ocrx_word' id='word_1_139' title='bbox 1780 1571 1910 1612; x_wconf 84' lang='lat' dir='ltr'>signis,</span> <span class='ocrx_word' id='word_1_140' title='bbox 1943 1574 1997 1602; x_wconf 88' lang='lat' dir='ltr'>ta-</span> 
     </span>
     <span class='ocr_line' id='line_1_15' title="bbox 298 1624 1995 1666; baseline 0.001 -11"><span class='ocrx_word' id='word_1_141' title='bbox 298 1624 392 1655; x_wconf 87' lang='lat' dir='ltr'>bulis</span> <span class='ocrx_word' id='word_1_142' title='bbox 417 1625 545 1666; x_wconf 83' lang='lat' dir='ltr'>pictis‚</span> <span class='ocrx_word' id='word_1_143' title='bbox 573 1624 755 1663; x_wconf 77' lang='lat' dir='ltr'>aedificiis,</span> <span class='ocrx_word' id='word_1_144' title='bbox 783 1625 946 1666; x_wconf 81' lang='lat' dir='ltr'>templis,</span> <span class='ocrx_word' id='word_1_145' title='bbox 972 1636 1094 1656; x_wconf 83' lang='lat' dir='ltr'>verum</span> <span class='ocrx_word' id='word_1_146' title='bbox 1121 1636 1199 1657; x_wconf 89' lang='lat' dir='ltr'>esse</span> <span class='ocrx_word' id='word_1_147' title='bbox 1225 1626 1281 1657; x_wconf 89' lang='grc'>1110</span> <span class='ocrx_word' id='word_1_148' title='bbox 1306 1637 1376 1658; x_wconf 90' lang='grc'>11011</span> <span class='ocrx_word' id='word_1_149' title='bbox 1402 1627 1670 1666; x_wconf 80' lang='lat' dir='ltr'>demonstrabo,</span> <span class='ocrx_word' id='word_1_150' title='bbox 1699 1627 1761 1658; x_wconf 89' lang='lat' dir='ltr'>sed</span> <span class='ocrx_word' id='word_1_151' title='bbox 1786 1627 1829 1658; x_wconf 90' lang='lat' dir='ltr'>de</span> <span class='ocrx_word' id='word_1_152' title='bbox 1857 1627 1908 1658; x_wconf 78' lang='lat' dir='ltr'>eis</span> <span class='ocrx_word' id='word_1_153' title='bbox 1933 1626 1995 1657; x_wconf 88' lang='lat' dir='ltr'>hu-</span> 
     </span>
     <span class='ocr_line' id='line_1_16' title="bbox 297 1680 1996 1724; baseline 0.002 -13"><span class='ocrx_word' id='word_1_154' title='bbox 297 1691 412 1711; x_wconf 69' lang='lat' dir='ltr'>manze</span> <span class='ocrx_word' id='word_1_155' title='bbox 439 1681 569 1711; x_wconf 76' lang='lat' dir='ltr'>mentis</span> <span class='ocrx_word' id='word_1_156' title='bbox 595 1690 638 1711; x_wconf 84' lang='lat' dir='ltr'>ac</span> <span class='ocrx_word' id='word_1_157' title='bbox 665 1680 900 1722; x_wconf 75' lang='lat' dir='ltr'>cogitationis</span> <span class='ocrx_word' id='word_1_158' title='bbox 926 1682 1150 1713; x_wconf 79' lang='lat' dir='ltr'>facinoribus</span> <span class='ocrx_word' id='word_1_159' title='bbox 1176 1682 1350 1723; x_wconf 63' lang='lat' dir='ltr'>praedico,</span> <span class='ocrx_word' id='word_1_160' title='bbox 1379 1693 1456 1723; x_wconf 63' lang='lat' dir='ltr'>quae</span> <span class='ocrx_word' id='word_1_161' title='bbox 1482 1686 1559 1714; x_wconf 85' lang='lat' dir='ltr'>tota</span> <span class='ocrx_word' id='word_1_162' title='bbox 1585 1683 1697 1724; x_wconf 76' lang='lat' dir='ltr'>ipsius</span> <span class='ocrx_word' id='word_1_163' title='bbox 1723 1686 1816 1722; x_wconf 86' lang='lat' dir='ltr'>sunt,</span> <span class='ocrx_word' id='word_1_164' title='bbox 1843 1694 1913 1714; x_wconf 91' lang='lat' dir='ltr'>non</span> <span class='ocrx_word' id='word_1_165' title='bbox 1939 1694 1996 1715; x_wconf 83' lang='lat' dir='ltr'>ex-</span> 
     </span>
     <span class='ocr_line' id='line_1_17' title="bbox 298 1737 1997 1780; baseline 0.002 -13"><span class='ocrx_word' id='word_1_166' title='bbox 298 1737 475 1767; x_wconf 87' lang='lat' dir='ltr'>trinsecus</span> <span class='ocrx_word' id='word_1_167' title='bbox 506 1737 630 1778; x_wconf 81' lang='lat' dir='ltr'>petitis</span> <span class='ocrx_word' id='word_1_168' title='bbox 662 1737 768 1768; x_wconf 79' lang='lat' dir='ltr'>rebus</span> <span class='ocrx_word' id='word_1_169' title='bbox 800 1738 972 1776; x_wconf 85' lang='lat' dir='ltr'>formata,</span> <span class='ocrx_word' id='word_1_170' title='bbox 1006 1738 1049 1768; x_wconf 88' lang='lat' dir='ltr'>de</span> <span class='ocrx_word' id='word_1_171' title='bbox 1082 1738 1282 1769; x_wconf 86' lang='lat' dir='ltr'>divinorum</span> <span class='ocrx_word' id='word_1_172' title='bbox 1313 1744 1435 1770; x_wconf 69' lang='lat' dir='ltr'>vatum</span> <span class='ocrx_word' id='word_1_173' title='bbox 1469 1739 1527 1780; x_wconf 90' lang='lat' dir='ltr'>qui</span> <span class='ocrx_word' id='word_1_174' title='bbox 1557 1749 1642 1770; x_wconf 87' lang='lat' dir='ltr'>vere</span> <span class='ocrx_word' id='word_1_175' title='bbox 1674 1741 1756 1769; x_wconf 84' lang='lat' dir='ltr'>sunt</span> <span class='ocrx_word' id='word_1_176' title='bbox 1790 1738 1997 1780; x_wconf 87' lang='lat' dir='ltr'>adpellandi</span> 
     </span>
     <span class='ocr_line' id='line_1_18' title="bbox 297 1793 1995 1836; baseline 0.001 -13"><span class='ocrx_word' id='word_1_177' title='bbox 297 1793 492 1834; x_wconf 83' lang='lat' dir='ltr'>poematis,</span> <span class='ocrx_word' id='word_1_178' title='bbox 526 1793 603 1824; x_wconf 86' lang='lat' dir='ltr'>sive</span> <span class='ocrx_word' id='word_1_179' title='bbox 638 1803 680 1823; x_wconf 85' lang='lat' dir='ltr'>ca</span> <span class='ocrx_word' id='word_1_180' title='bbox 707 1796 884 1824; x_wconf 85' lang='lat' dir='ltr'>canantur</span> <span class='ocrx_word' id='word_1_181' title='bbox 908 1793 985 1824; x_wconf 89' lang='lat' dir='ltr'>sive</span> <span class='ocrx_word' id='word_1_182' title='bbox 1011 1793 1196 1833; x_wconf 82' lang='lat' dir='ltr'>dicantur,</span> <span class='ocrx_word' id='word_1_183' title='bbox 1229 1795 1295 1826; x_wconf 86' lang='lat' dir='ltr'>hoc</span> <span class='ocrx_word' id='word_1_184' title='bbox 1323 1798 1378 1825; x_wconf 89' lang='lat' dir='ltr'>cst</span> <span class='ocrx_word' id='word_1_185' title='bbox 1402 1795 1477 1826; x_wconf 84' lang='lat' dir='ltr'>sive</span> <span class='ocrx_word' id='word_1_186' title='bbox 1503 1796 1655 1836; x_wconf 84' lang='lat' dir='ltr'>propriis</span> <span class='ocrx_word' id='word_1_187' title='bbox 1681 1795 1909 1826; x_wconf 87' lang='lat' dir='ltr'>divinitatem</span> <span class='ocrx_word' id='word_1_188' title='bbox 1933 1795 1995 1826; x_wconf 89' lang='lat' dir='ltr'>hu-</span> 
     </span>
     <span class='ocr_line' id='line_1_19' title="bbox 297 1849 1996 1891; baseline 0.002 -12"><span class='ocrx_word' id='word_1_189' title='bbox 297 1859 439 1880; x_wconf 86' lang='lat' dir='ltr'>manam</span> <span class='ocrx_word' id='word_1_190' title='bbox 466 1849 685 1890; x_wconf 61' lang='lat' dir='ltr'>praedicandi</span> <span class='ocrx_word' id='word_1_191' title='bbox 712 1850 798 1880; x_wconf 79' lang='lat' dir='ltr'>artis</span> <span class='ocrx_word' id='word_1_192' title='bbox 824 1849 963 1890; x_wconf 84' lang='lat' dir='ltr'>legibus</span> <span class='ocrx_word' id='word_1_193' title='bbox 990 1849 1162 1881; x_wconf 83' lang='lat' dir='ltr'>adstricto</span> <span class='ocrx_word' id='word_1_194' title='bbox 1187 1850 1263 1881; x_wconf 83' lang='lat' dir='ltr'>sive</span> <span class='ocrx_word' id='word_1_195' title='bbox 1290 1851 1333 1881; x_wconf 88' lang='lat' dir='ltr'>ab</span> <span class='ocrx_word' id='word_1_196' title='bbox 1359 1851 1428 1881; x_wconf 87' lang='lat' dir='ltr'>hiis</span> <span class='ocrx_word' id='word_1_197' title='bbox 1454 1850 1595 1891; x_wconf 81' lang='lat' dir='ltr'>legibus</span> <span class='ocrx_word' id='word_1_198' title='bbox 1621 1850 1735 1882; x_wconf 87' lang='lat' dir='ltr'>soluto</span> <span class='ocrx_word' id='word_1_199' title='bbox 1753 1850 1855 1881; x_wconf 89' lang='lat' dir='ltr'>modo</span> <span class='ocrx_word' id='word_1_200' title='bbox 1874 1861 1917 1881; x_wconf 81' lang='lat' dir='ltr'>ex</span> <span class='ocrx_word' id='word_1_201' title='bbox 1935 1850 1996 1884; x_wconf 86' lang='lat' dir='ltr'>illo</span> 
     </span>
    </p>
   </div>
   <div class='ocr_carea' id='block_1_3' title="bbox 2006 1601 2019 1622">
    <p class='ocr_par' dir='ltr' id='par_1_3' title="bbox 2006 1601 2019 1622">
     <span class='ocr_line' id='line_1_20' title="bbox 2006 1601 2019 1622; baseline 0 0"><span class='ocrx_word' id='word_1_202' title='bbox 2006 1601 2019 1622; x_wconf 83' lang='grc' dir='ltr'><em>Ι</em></span> 
     </span>
    </p>
   </div>
   <div class='ocr_carea' id='block_1_4' title="bbox 292 1905 1997 3125">
    <p class='ocr_par' dir='ltr' id='par_1_4' title="bbox 292 1905 1997 3125">
     <span class='ocr_line' id='line_1_21' title="bbox 298 1905 1995 1948; baseline 0.002 -14"><span class='ocrx_word' id='word_1_203' title='bbox 298 1905 419 1935; x_wconf 82' lang='lat' dir='ltr'>divino</span> <span class='ocrx_word' id='word_1_204' title='bbox 446 1905 544 1936; x_wconf 88' lang='lat' dir='ltr'>fonte</span> <span class='ocrx_word' id='word_1_205' title='bbox 572 1906 631 1946; x_wconf 89' lang='lat' dir='ltr'>qui</span> <span class='ocrx_word' id='word_1_206' title='bbox 657 1905 811 1936; x_wconf 84' lang='lat' dir='ltr'>humano</span> <span class='ocrx_word' id='word_1_207' title='bbox 837 1908 984 1946; x_wconf 85' lang='lat' dir='ltr'>pectore</span> <span class='ocrx_word' id='word_1_208' title='bbox 1009 1905 1221 1945; x_wconf 82' lang='lat' dir='ltr'>includitur,</span> <span class='ocrx_word' id='word_1_209' title='bbox 1250 1907 1444 1948; x_wconf 80' lang='lat' dir='ltr'>profluant:</span> <span class='ocrx_word' id='word_1_210' title='bbox 1471 1917 1554 1937; x_wconf 86' lang='lat' dir='ltr'>nam</span> <span class='ocrx_word' id='word_1_211' title='bbox 1579 1917 1682 1938; x_wconf 89' lang='lat' dir='ltr'>nemo</span> <span class='ocrx_word' id='word_1_212' title='bbox 1707 1907 1898 1947; x_wconf 75' lang='lat' dir='ltr'>negaverit</span> <span class='ocrx_word' id='word_1_213' title='bbox 1922 1907 1995 1938; x_wconf 88' lang='lat' dir='ltr'>Ho-</span> 
     </span>
     <span class='ocr_line' id='line_1_22' title="bbox 298 1961 1994 2003; baseline 0.002 -13"><span class='ocrx_word' id='word_1_214' title='bbox 298 1970 448 1999; x_wconf 84' lang='lat' dir='ltr'>merum,</span> <span class='ocrx_word' id='word_1_215' title='bbox 476 1971 579 2001; x_wconf 79' lang='lat' dir='ltr'>quem</span> <span class='ocrx_word' id='word_1_216' title='bbox 604 1961 774 2000; x_wconf 80' lang='lat' dir='ltr'>dicimus,</span> <span class='ocrx_word' id='word_1_217' title='bbox 800 1961 1049 2002; x_wconf 84' lang='lat' dir='ltr'>philosophum</span> <span class='ocrx_word' id='word_1_218' title='bbox 1077 1972 1213 2003; x_wconf 88' lang='lat' dir='ltr'>quoque</span> <span class='ocrx_word' id='word_1_219' title='bbox 1241 1965 1277 1993; x_wconf 80' lang='lat' dir='ltr'>et</span> <span class='ocrx_word' id='word_1_220' title='bbox 1300 1962 1509 1993; x_wconf 80' lang='lat' dir='ltr'>historicum</span> <span class='ocrx_word' id='word_1_221' title='bbox 1536 1966 1572 1994; x_wconf 89' lang='lat' dir='ltr'>et</span> <span class='ocrx_word' id='word_1_222' title='bbox 1597 1963 1798 1994; x_wconf 84' lang='lat' dir='ltr'>divinarum</span> <span class='ocrx_word' id='word_1_223' title='bbox 1822 1963 1994 1994; x_wconf 86' lang='lat' dir='ltr'>humana—</span> 
     </span>
     <span class='ocr_line' id='line_1_23' title="bbox 298 2013 1994 2061; baseline 0.003 -15"><span class='ocrx_word' id='word_1_224' title='bbox 298 2025 443 2056; x_wconf 88' lang='lat' dir='ltr'>rumque</span> <span class='ocrx_word' id='word_1_225' title='bbox 470 2027 586 2047; x_wconf 86' lang='lat' dir='ltr'>rerum</span> <span class='ocrx_word' id='word_1_226' title='bbox 612 2017 857 2055; x_wconf 80' lang='lat' dir='ltr'>sacerdotem,</span> <span class='ocrx_word' id='word_1_227' title='bbox 892 2017 1113 2048; x_wconf 84' lang='lat' dir='ltr'>Herodotum</span> <span class='ocrx_word' id='word_1_228' title='bbox 1144 2028 1282 2059; x_wconf 89' lang='lat' dir='ltr'>quoque</span> <span class='ocrx_word' id='word_1_229' title='bbox 1309 2022 1453 2059; x_wconf 85' lang='lat' dir='ltr'>poetam</span> <span class='ocrx_word' id='word_1_230' title='bbox 1487 2029 1528 2050; x_wconf 84' lang='lat' dir='ltr'>ac</span> <span class='ocrx_word' id='word_1_231' title='bbox 1554 2019 1742 2051; x_wconf 77' lang='lat' dir='ltr'>Platonem</span> <span class='ocrx_word' id='word_1_232' title='bbox 1774 2013 1994 2061; x_wconf 80' lang='grc' dir='ltr'><strong><em>θεόμαντιν.</em></strong></span> 
     </span>
     <span class='ocr_line' id='line_1_24' title="bbox 297 2072 1996 2115; baseline 0.002 -13"><span class='ocrx_word' id='word_1_233' title='bbox 297 2072 351 2102; x_wconf 78' lang='lat' dir='ltr'>Ad</span> <span class='ocrx_word' id='word_1_234' title='bbox 375 2072 592 2104; x_wconf 85' lang='lat' dir='ltr'>Pisistratea</span> <span class='ocrx_word' id='word_1_235' title='bbox 624 2077 745 2104; x_wconf 87' lang='lat' dir='ltr'>tamen</span> <span class='ocrx_word' id='word_1_236' title='bbox 771 2076 933 2114; x_wconf 87' lang='lat' dir='ltr'>tempora</span> <span class='ocrx_word' id='word_1_237' title='bbox 958 2074 1230 2105; x_wconf 86' lang='lat' dir='ltr'>Homericorum</span> <span class='ocrx_word' id='word_1_238' title='bbox 1258 2075 1454 2105; x_wconf 82' lang='lat' dir='ltr'>carminum</span> <span class='ocrx_word' id='word_1_239' title='bbox 1480 2074 1766 2115; x_wconf 83' lang='lat' dir='ltr'>refingendorum</span> <span class='ocrx_word' id='word_1_240' title='bbox 1790 2078 1996 2107; x_wconf 85' lang='lat' dir='ltr'>restauran—</span> 
     </span>
     <span class='ocr_line' id='line_1_25' title="bbox 297 2127 1997 2170; baseline 0.003 -12"><span class='ocrx_word' id='word_1_241' title='bbox 297 2127 489 2169; x_wconf 86' lang='lat' dir='ltr'>dorumque</span> <span class='ocrx_word' id='word_1_242' title='bbox 515 2129 671 2160; x_wconf 87' lang='lat' dir='ltr'>studium</span> <span class='ocrx_word' id='word_1_243' title='bbox 698 2129 902 2167; x_wconf 84' lang='lat' dir='ltr'>adscendit,</span> <span class='ocrx_word' id='word_1_244' title='bbox 941 2132 976 2160; x_wconf 85' lang='lat' dir='ltr'>et</span> <span class='ocrx_word' id='word_1_245' title='bbox 1013 2133 1182 2170; x_wconf 87' lang='lat' dir='ltr'>quantum</span> <span class='ocrx_word' id='word_1_246' title='bbox 1214 2134 1371 2161; x_wconf 87' lang='lat' dir='ltr'>mutatus</span> <span class='ocrx_word' id='word_1_247' title='bbox 1398 2135 1452 2162; x_wconf 85' lang='lat' dir='ltr'>est</span> <span class='ocrx_word' id='word_1_248' title='bbox 1475 2131 1637 2162; x_wconf 80' lang='lat' dir='ltr'>Bckkeri</span> <span class='ocrx_word' id='word_1_249' title='bbox 1662 2131 1838 2162; x_wconf 86' lang='lat' dir='ltr'>Homerus</span> <span class='ocrx_word' id='word_1_250' title='bbox 1864 2132 1908 2162; x_wconf 85' lang='lat' dir='ltr'>ab</span> <span class='ocrx_word' id='word_1_251' title='bbox 1934 2131 1997 2163; x_wconf 92' lang='lat' dir='ltr'>illo</span> 
     </span>
     <span class='ocr_line' id='line_1_26' title="bbox 296 2184 1996 2229; baseline 0.003 -16"><span class='ocrx_word' id='word_1_252' title='bbox 296 2184 418 2225; x_wconf 87' lang='lat' dir='ltr'>pueris</span> <span class='ocrx_word' id='word_1_253' title='bbox 443 2184 547 2215; x_wconf 86' lang='lat' dir='ltr'>nobis</span> <span class='ocrx_word' id='word_1_254' title='bbox 574 2185 677 2216; x_wconf 89' lang='lat' dir='ltr'>lecto.</span> <span class='ocrx_word' id='word_1_255' title='bbox 729 2188 765 2216; x_wconf 91' lang='lat' dir='ltr'>et</span> <span class='ocrx_word' id='word_1_256' title='bbox 789 2185 1010 2216; x_wconf 88' lang='lat' dir='ltr'>Herodotum</span> <span class='ocrx_word' id='word_1_257' title='bbox 1036 2186 1294 2227; x_wconf 82' lang='lat' dir='ltr'>Platonemque</span> <span class='ocrx_word' id='word_1_258' title='bbox 1322 2197 1439 2218; x_wconf 89' lang='lat' dir='ltr'>nonne</span> <span class='ocrx_word' id='word_1_259' title='bbox 1475 2187 1569 2228; x_wconf 89' lang='lat' dir='ltr'>apud</span> <span class='ocrx_word' id='word_1_260' title='bbox 1605 2197 1727 2218; x_wconf 87' lang='lat' dir='ltr'>omnes</span> <span class='ocrx_word' id='word_1_261' title='bbox 1753 2187 1909 2218; x_wconf 86' lang='lat' dir='ltr'>eruditos</span> <span class='ocrx_word' id='word_1_262' title='bbox 1934 2198 1996 2229; x_wconf 92' lang='lat' dir='ltr'>po-</span> 
     </span>
     <span class='ocr_line' id='line_1_27' title="bbox 296 2239 1996 2282; baseline 0.002 -12"><span class='ocrx_word' id='word_1_263' title='bbox 296 2239 397 2281; x_wconf 87' lang='lat' dir='ltr'>pulos</span> <span class='ocrx_word' id='word_1_264' title='bbox 432 2240 546 2271; x_wconf 90' lang='lat' dir='ltr'>denuo</span> <span class='ocrx_word' id='word_1_265' title='bbox 579 2251 719 2282; x_wconf 83' lang='lat' dir='ltr'>semper</span> <span class='ocrx_word' id='word_1_266' title='bbox 751 2244 785 2272; x_wconf 88' lang='lat' dir='ltr'>et</span> <span class='ocrx_word' id='word_1_267' title='bbox 817 2241 952 2272; x_wconf 89' lang='lat' dir='ltr'>edimus</span> <span class='ocrx_word' id='word_1_268' title='bbox 985 2245 1019 2273; x_wconf 87' lang='lat' dir='ltr'>et</span> <span class='ocrx_word' id='word_1_269' title='bbox 1049 2243 1221 2273; x_wconf 86' lang='lat' dir='ltr'>vertimus</span> <span class='ocrx_word' id='word_1_270' title='bbox 1254 2246 1302 2273; x_wconf 68' lang='lat' dir='ltr'>et&#39;</span> <span class='ocrx_word' id='word_1_271' title='bbox 1320 2243 1518 2282; x_wconf 83' lang='lat' dir='ltr'>imitamur,</span> <span class='ocrx_word' id='word_1_272' title='bbox 1550 2245 1625 2274; x_wconf 77' lang='lat' dir='ltr'>sive</span> <span class='ocrx_word' id='word_1_273' title='bbox 1661 2243 1888 2274; x_wconf 87' lang='lat' dir='ltr'>emendemus</span> <span class='ocrx_word' id='word_1_274' title='bbox 1919 2244 1996 2275; x_wconf 84' lang='lat' dir='ltr'>sive</span> 
     </span>
     <span class='ocr_line' id='line_1_28' title="bbox 297 2296 1995 2339; baseline 0.003 -13"><span class='ocrx_word' id='word_1_275' title='bbox 297 2298 586 2337; x_wconf 80' lang='lat' dir='ltr'>corrumpamus?</span> <span class='ocrx_word' id='word_1_276' title='bbox 611 2297 703 2328; x_wconf 89' lang='lat' dir='ltr'>Item</span> <span class='ocrx_word' id='word_1_277' title='bbox 721 2296 934 2338; x_wconf 84' lang='lat' dir='ltr'>linguarum,</span> <span class='ocrx_word' id='word_1_278' title='bbox 960 2298 998 2328; x_wconf 89' lang='lat' dir='ltr'>in</span> <span class='ocrx_word' id='word_1_279' title='bbox 1022 2299 1146 2339; x_wconf 88' lang='lat' dir='ltr'>primis</span> <span class='ocrx_word' id='word_1_280' title='bbox 1173 2309 1294 2330; x_wconf 88' lang='lat' dir='ltr'>earum</span> <span class='ocrx_word' id='word_1_281' title='bbox 1321 2309 1408 2339; x_wconf 86' lang='lat' dir='ltr'>quas</span> <span class='ocrx_word' id='word_1_282' title='bbox 1436 2302 1614 2330; x_wconf 84' lang='lat' dir='ltr'>emortuas</span> <span class='ocrx_word' id='word_1_283' title='bbox 1640 2310 1711 2330; x_wconf 88' lang='grc'>11011</span> <span class='ocrx_word' id='word_1_284' title='bbox 1736 2299 1878 2331; x_wconf 89' lang='grc'>0111111110</span> <span class='ocrx_word' id='word_1_285' title='bbox 1897 2303 1995 2331; x_wconf 88' lang='lat' dir='ltr'>recte</span> 
     </span>
     <span class='ocr_line' id='line_1_29' title="bbox 295 2347 1996 2397; baseline 0.002 -15"><span class='ocrx_word' id='word_1_286' title='bbox 295 2352 518 2383; x_wconf 88' lang='lat' dir='ltr'>nominamus</span> <span class='ocrx_word' id='word_1_287' title='bbox 544 2350 645 2393; x_wconf 88' lang='lat' dir='ltr'>(nam</span> <span class='ocrx_word' id='word_1_288' title='bbox 671 2363 755 2384; x_wconf 87' lang='lat' dir='ltr'>eece</span> <span class='ocrx_word' id='word_1_289' title='bbox 780 2363 851 2384; x_wconf 89' lang='lat' dir='ltr'>non</span> <span class='ocrx_word' id='word_1_290' title='bbox 876 2353 987 2385; x_wconf 89' lang='lat' dir='ltr'>solum</span> <span class='ocrx_word' id='word_1_291' title='bbox 1006 2354 1252 2386; x_wconf 84' lang='lat' dir='ltr'>Romanenses</span> <span class='ocrx_word' id='word_1_292' title='bbox 1276 2355 1410 2396; x_wconf 77' lang='lat' dir='ltr'>linguae</span> <span class='ocrx_word' id='word_1_293' title='bbox 1436 2356 1571 2397; x_wconf 85' lang='lat' dir='ltr'>vigent,</span> <span class='ocrx_word' id='word_1_294' title='bbox 1600 2356 1663 2386; x_wconf 86' lang='lat' dir='ltr'>sed</span> <span class='ocrx_word' id='word_1_295' title='bbox 1689 2359 1724 2387; x_wconf 85' lang='lat' dir='ltr'>et</span> <span class='ocrx_word' id='word_1_296' title='bbox 1748 2366 1822 2393; x_wconf 83' lang='lat' dir='ltr'>nos,</span> <span class='ocrx_word' id='word_1_297' title='bbox 1850 2347 1996 2396; x_wconf 64' lang='grc'>(1111011-</span> 
     </span>
     <span class='ocr_line' id='line_1_30' title="bbox 295 2409 1994 2453; baseline 0.003 -15"><span class='ocrx_word' id='word_1_298' title='bbox 295 2409 415 2450; x_wconf 85' lang='lat' dir='ltr'>ginem</span> <span class='ocrx_word' id='word_1_299' title='bbox 440 2419 510 2440; x_wconf 89' lang='lat' dir='ltr'>non</span> <span class='ocrx_word' id='word_1_300' title='bbox 536 2409 697 2440; x_wconf 82' lang='lat' dir='ltr'>ducimus</span> <span class='ocrx_word' id='word_1_301' title='bbox 724 2419 744 2440; x_wconf 88' lang='lat' dir='ltr'>a</span> <span class='ocrx_word' id='word_1_302' title='bbox 769 2409 910 2450; x_wconf 88' lang='lat' dir='ltr'>populis</span> <span class='ocrx_word' id='word_1_303' title='bbox 935 2410 1096 2441; x_wconf 87' lang='lat' dir='ltr'>Romano</span> <span class='ocrx_word' id='word_1_304' title='bbox 1123 2411 1297 2452; x_wconf 89' lang='lat' dir='ltr'>quondam</span> <span class='ocrx_word' id='word_1_305' title='bbox 1329 2412 1478 2453; x_wconf 90' lang='lat' dir='ltr'>imperio</span> <span class='ocrx_word' id='word_1_306' title='bbox 1510 2411 1704 2450; x_wconf 87' lang='lat' dir='ltr'>subiectis,</span> <span class='ocrx_word' id='word_1_307' title='bbox 1736 2412 1870 2442; x_wconf 86' lang='lat' dir='ltr'>Latine</span> <span class='ocrx_word' id='word_1_308' title='bbox 1897 2412 1994 2443; x_wconf 85' lang='lat' dir='ltr'>Grae-</span> 
     </span>
     <span class='ocr_line' id='line_1_31' title="bbox 296 2465 1993 2509; baseline 0.002 -14"><span class='ocrx_word' id='word_1_309' title='bbox 296 2474 406 2506; x_wconf 86' lang='lat' dir='ltr'>ceque</span> <span class='ocrx_word' id='word_1_310' title='bbox 434 2465 583 2496; x_wconf 80' lang='lat' dir='ltr'>cottidie</span> <span class='ocrx_word' id='word_1_311' title='bbox 608 2465 762 2507; x_wconf 85' lang='lat' dir='ltr'>legimus</span> <span class='ocrx_word' id='word_1_312' title='bbox 789 2465 1050 2507; x_wconf 86' lang='lat' dir='ltr'>seribimusque</span> <span class='ocrx_word' id='word_1_313' title='bbox 1075 2467 1212 2508; x_wconf 85' lang='lat' dir='ltr'>passim</span> <span class='ocrx_word' id='word_1_314' title='bbox 1239 2470 1356 2508; x_wconf 88' lang='lat' dir='ltr'>atque,</span> <span class='ocrx_word' id='word_1_315' title='bbox 1383 2468 1413 2498; x_wconf 83' lang='lat' dir='ltr'>si</span> <span class='ocrx_word' id='word_1_316' title='bbox 1431 2468 1484 2498; x_wconf 86' lang='lat' dir='ltr'>dis</span> <span class='ocrx_word' id='word_1_317' title='bbox 1502 2467 1634 2509; x_wconf 85' lang='lat' dir='ltr'>placet,</span> <span class='ocrx_word' id='word_1_318' title='bbox 1662 2467 1839 2509; x_wconf 88' lang='lat' dir='ltr'>loquimur</span> <span class='ocrx_word' id='word_1_319' title='bbox 1857 2466 1993 2507; x_wconf 83' lang='lat' dir='ltr'>etiam),</span> 
     </span>
     <span class='ocr_line' id='line_1_32' title="bbox 294 2520 1994 2566; baseline 0.003 -15"><span class='ocrx_word' id='word_1_320' title='bbox 294 2520 497 2562; x_wconf 83' lang='lat' dir='ltr'>linguarum</span> <span class='ocrx_word' id='word_1_321' title='bbox 526 2521 613 2552; x_wconf 84' lang='lat' dir='ltr'>item</span> <span class='ocrx_word' id='word_1_322' title='bbox 647 2521 895 2553; x_wconf 83' lang='lat' dir='ltr'>discendarum</span> <span class='ocrx_word' id='word_1_323' title='bbox 930 2521 1241 2563; x_wconf 87' lang='lat' dir='ltr'>doeendarumque</span> <span class='ocrx_word' id='word_1_324' title='bbox 1276 2533 1350 2562; x_wconf 84' lang='lat' dir='ltr'>ars,</span> <span class='ocrx_word' id='word_1_325' title='bbox 1387 2526 1422 2554; x_wconf 84' lang='lat' dir='ltr'>et</span> <span class='ocrx_word' id='word_1_326' title='bbox 1454 2525 1484 2554; x_wconf 85' lang='lat' dir='ltr'>si</span> <span class='ocrx_word' id='word_1_327' title='bbox 1517 2524 1575 2555; x_wconf 85' lang='lat' dir='ltr'>vel</span> <span class='ocrx_word' id='word_1_328' title='bbox 1600 2525 1704 2556; x_wconf 85' lang='lat' dir='ltr'>unius</span> <span class='ocrx_word' id='word_1_329' title='bbox 1731 2534 1761 2555; x_wconf 88' lang='lat' dir='ltr'>e.</span> <span class='ocrx_word' id='word_1_330' title='bbox 1779 2534 1830 2566; x_wconf 85' lang='lat' dir='ltr'>gr.</span> <span class='ocrx_word' id='word_1_331' title='bbox 1850 2524 1994 2556; x_wconf 84' lang='lat' dir='ltr'>Latinae</span> 
     </span>
     <span class='ocr_line' id='line_1_33' title="bbox 294 2577 1993 2621; baseline 0.002 -14"><span class='ocrx_word' id='word_1_332' title='bbox 294 2577 534 2618; x_wconf 80' lang='lat' dir='ltr'>grammatica</span> <span class='ocrx_word' id='word_1_333' title='bbox 559 2580 759 2618; x_wconf 83' lang='lat' dir='ltr'>spectatur,</span> <span class='ocrx_word' id='word_1_334' title='bbox 794 2588 865 2609; x_wconf 89' lang='lat' dir='ltr'>non</span> <span class='ocrx_word' id='word_1_335' title='bbox 896 2579 1012 2619; x_wconf 82' lang='lat' dir='ltr'>magis</span> <span class='ocrx_word' id='word_1_336' title='bbox 1037 2589 1109 2610; x_wconf 84' lang='lat' dir='ltr'>una</span> <span class='ocrx_word' id='word_1_337' title='bbox 1134 2589 1274 2620; x_wconf 89' lang='lat' dir='ltr'>semper</span> <span class='ocrx_word' id='word_1_338' title='bbox 1301 2579 1496 2621; x_wconf 89' lang='lat' dir='ltr'>eademque</span> <span class='ocrx_word' id='word_1_339' title='bbox 1524 2590 1601 2611; x_wconf 85' lang='lat' dir='ltr'>esse</span> <span class='ocrx_word' id='word_1_340' title='bbox 1627 2583 1744 2621; x_wconf 83' lang='lat' dir='ltr'>potest</span> <span class='ocrx_word' id='word_1_341' title='bbox 1770 2590 1874 2621; x_wconf 88' lang='lat' dir='ltr'>quam</span> <span class='ocrx_word' id='word_1_342' title='bbox 1899 2580 1993 2611; x_wconf 89' lang='lat' dir='ltr'>idem</span> 
     </span>
     <span class='ocr_line' id='line_1_34' title="bbox 295 2633 1993 2678; baseline 0.003 -15"><span class='ocrx_word' id='word_1_343' title='bbox 295 2634 349 2664; x_wconf 86' lang='lat' dir='ltr'>ius</span> <span class='ocrx_word' id='word_1_344' title='bbox 373 2633 589 2673; x_wconf 84' lang='lat' dir='ltr'>Romanum,</span> <span class='ocrx_word' id='word_1_345' title='bbox 616 2637 655 2664; x_wconf 86' lang='lat' dir='ltr'>ut</span> <span class='ocrx_word' id='word_1_346' title='bbox 681 2634 789 2665; x_wconf 88' lang='lat' dir='ltr'>adfini</span> <span class='ocrx_word' id='word_1_347' title='bbox 816 2637 851 2665; x_wconf 87' lang='lat' dir='ltr'>et</span> <span class='ocrx_word' id='word_1_348' title='bbox 877 2634 971 2675; x_wconf 89' lang='lat' dir='ltr'>quod</span> <span class='ocrx_word' id='word_1_349' title='bbox 996 2634 1082 2665; x_wconf 89' lang='lat' dir='ltr'>mihi</span> <span class='ocrx_word' id='word_1_350' title='bbox 1107 2635 1290 2667; x_wconf 79' lang='lat' dir='ltr'>familiare</span> <span class='ocrx_word' id='word_1_351' title='bbox 1319 2639 1372 2667; x_wconf 88' lang='lat' dir='ltr'>est</span> <span class='ocrx_word' id='word_1_352' title='bbox 1398 2636 1559 2678; x_wconf 82' lang='lat' dir='ltr'>exemplo</span> <span class='ocrx_word' id='word_1_353' title='bbox 1585 2639 1685 2673; x_wconf 87' lang='lat' dir='ltr'>utar,</span> <span class='ocrx_word' id='word_1_354' title='bbox 1713 2636 1835 2667; x_wconf 88' lang='lat' dir='ltr'>eodem</span> <span class='ocrx_word' id='word_1_355' title='bbox 1859 2636 1993 2677; x_wconf 87' lang='lat' dir='ltr'>ubique</span> 
     </span>
     <span class='ocr_line' id='line_1_35' title="bbox 295 2689 1992 2734; baseline 0.002 -14"><span class='ocrx_word' id='word_1_356' title='bbox 295 2692 329 2720; x_wconf 87' lang='lat' dir='ltr'>et</span> <span class='ocrx_word' id='word_1_357' title='bbox 356 2689 400 2720; x_wconf 80' lang='lat' dir='ltr'>ab</span> <span class='ocrx_word' id='word_1_358' title='bbox 427 2690 589 2721; x_wconf 89' lang='lat' dir='ltr'>omnibus</span> <span class='ocrx_word' id='word_1_359' title='bbox 614 2700 683 2721; x_wconf 87' lang='lat' dir='ltr'>uno</span> <span class='ocrx_word' id='word_1_360' title='bbox 709 2690 810 2721; x_wconf 88' lang='lat' dir='ltr'>modo</span> <span class='ocrx_word' id='word_1_361' title='bbox 837 2690 929 2721; x_wconf 90' lang='lat' dir='ltr'>disci</span> <span class='ocrx_word' id='word_1_362' title='bbox 954 2690 1146 2731; x_wconf 86' lang='lat' dir='ltr'>doeerique</span> <span class='ocrx_word' id='word_1_363' title='bbox 1171 2694 1301 2732; x_wconf 86' lang='lat' dir='ltr'>potest.</span> <span class='ocrx_word' id='word_1_364' title='bbox 1351 2691 1457 2723; x_wconf 80' lang='lat' dir='ltr'>Suam</span> <span class='ocrx_word' id='word_1_365' title='bbox 1483 2693 1645 2734; x_wconf 89' lang='lat' dir='ltr'>quodque</span> <span class='ocrx_word' id='word_1_366' title='bbox 1664 2695 1815 2733; x_wconf 87' lang='lat' dir='ltr'>tempus,</span> <span class='ocrx_word' id='word_1_367' title='bbox 1843 2692 1992 2734; x_wconf 88' lang='lat' dir='ltr'>quisque</span> 
     </span>
     <span class='ocr_line' id='line_1_36' title="bbox 294 2745 1992 2790; baseline 0.002 -15"><span class='ocrx_word' id='word_1_368' title='bbox 294 2745 453 2786; x_wconf 81' lang='lat' dir='ltr'>populus⁷</span> <span class='ocrx_word' id='word_1_369' title='bbox 483 2756 631 2787; x_wconf 84' lang='lat' dir='ltr'>quaeque</span> <span class='ocrx_word' id='word_1_370' title='bbox 650 2747 764 2787; x_wconf 81' lang='lat' dir='ltr'>regio,</span> <span class='ocrx_word' id='word_1_371' title='bbox 792 2747 938 2788; x_wconf 88' lang='lat' dir='ltr'>quisque</span> <span class='ocrx_word' id='word_1_372' title='bbox 958 2746 1111 2788; x_wconf 85' lang='lat' dir='ltr'>denique</span> <span class='ocrx_word' id='word_1_373' title='bbox 1136 2747 1240 2778; x_wconf 91' lang='lat' dir='ltr'>homo</span> <span class='ocrx_word' id='word_1_374' title='bbox 1265 2748 1452 2787; x_wconf 76' lang='lat' dir='ltr'>rationem,</span> <span class='ocrx_word' id='word_1_375' title='bbox 1479 2750 1662 2790; x_wconf 85' lang='lat' dir='ltr'>propriam</span> <span class='ocrx_word' id='word_1_376' title='bbox 1679 2747 1892 2787; x_wconf 86' lang='lat' dir='ltr'>methodum,</span> <span class='ocrx_word' id='word_1_377' title='bbox 1918 2749 1992 2779; x_wconf 80' lang='lat' dir='ltr'>sin-</span> 
     </span>
     <span class='ocr_line' id='line_1_37' title="bbox 294 2800 1990 2844; baseline 0.003 -13"><span class='ocrx_word' id='word_1_378' title='bbox 294 2800 454 2842; x_wconf 76' lang='lat' dir='ltr'>gularem</span> <span class='ocrx_word' id='word_1_379' title='bbox 480 2802 594 2841; x_wconf 85' lang='lat' dir='ltr'>viam,</span> <span class='ocrx_word' id='word_1_380' title='bbox 630 2802 738 2833; x_wconf 88' lang='lat' dir='ltr'>aliam</span> <span class='ocrx_word' id='word_1_381' title='bbox 765 2802 839 2833; x_wconf 81' lang='lat' dir='ltr'>alia,</span> <span class='ocrx_word' id='word_1_382' title='bbox 865 2813 908 2834; x_wconf 78' lang='lat' dir='ltr'>ex</span> <span class='ocrx_word' id='word_1_383' title='bbox 930 2802 999 2834; x_wconf 83' lang='lat' dir='ltr'>hac</span> <span class='ocrx_word' id='word_1_384' title='bbox 1023 2806 1126 2844; x_wconf 83' lang='lat' dir='ltr'>parte</span> <span class='ocrx_word' id='word_1_385' title='bbox 1153 2803 1373 2843; x_wconf 84' lang='lat' dir='ltr'>feliciorem,</span> <span class='ocrx_word' id='word_1_386' title='bbox 1408 2815 1451 2835; x_wconf 77' lang='lat' dir='ltr'>ex</span> <span class='ocrx_word' id='word_1_387' title='bbox 1477 2805 1549 2836; x_wconf 86' lang='lat' dir='ltr'>alia</span> <span class='ocrx_word' id='word_1_388' title='bbox 1581 2805 1815 2841; x_wconf 83' lang='lat' dir='ltr'>deteriorem,</span> <span class='ocrx_word' id='word_1_389' title='bbox 1848 2804 1916 2835; x_wconf 89' lang='lat' dir='ltr'>init</span> <span class='ocrx_word' id='word_1_390' title='bbox 1947 2815 1990 2836; x_wconf 87' lang='lat' dir='ltr'>ac</span> 
     </span>
     <span class='ocr_line' id='line_1_38' title="bbox 295 2858 1990 2902; baseline 0.003 -15"><span class='ocrx_word' id='word_1_391' title='bbox 295 2858 469 2898; x_wconf 88' lang='lat' dir='ltr'>sequitur,</span> <span class='ocrx_word' id='word_1_392' title='bbox 495 2861 533 2889; x_wconf 89' lang='lat' dir='ltr'>ut</span> <span class='ocrx_word' id='word_1_393' title='bbox 560 2858 603 2889; x_wconf 87' lang='lat' dir='ltr'>ad</span> <span class='ocrx_word' id='word_1_394' title='bbox 630 2858 806 2898; x_wconf 83' lang='lat' dir='ltr'>eumdem,</span> <span class='ocrx_word' id='word_1_395' title='bbox 842 2868 945 2900; x_wconf 90' lang='lat' dir='ltr'>quem</span> <span class='ocrx_word' id='word_1_396' title='bbox 970 2861 1082 2890; x_wconf 87' lang='lat' dir='ltr'>totum</span> <span class='ocrx_word' id='word_1_397' title='bbox 1107 2869 1209 2890; x_wconf 88' lang='lat' dir='ltr'>nemo</span> <span class='ocrx_word' id='word_1_398' title='bbox 1235 2859 1456 2899; x_wconf 84' lang='lat' dir='ltr'>mortalium,</span> <span class='ocrx_word' id='word_1_399' title='bbox 1491 2861 1559 2892; x_wconf 84' lang='lat' dir='ltr'>etsi</span> <span class='ocrx_word' id='word_1_400' title='bbox 1584 2861 1745 2902; x_wconf 73' lang='lat' dir='ltr'>proxime</span> <span class='ocrx_word' id='word_1_401' title='bbox 1773 2859 1884 2899; x_wconf 83' lang='lat' dir='ltr'>absit,</span> <span class='ocrx_word' id='word_1_402' title='bbox 1917 2870 1990 2891; x_wconf 89' lang='lat' dir='ltr'>um-</span> 
     </span>
     <span class='ocr_line' id='line_1_39' title="bbox 295 2913 1991 2956; baseline 0.002 -13"><span class='ocrx_word' id='word_1_403' title='bbox 295 2922 397 2952; x_wconf 85' lang='lat' dir='ltr'>quam</span> <span class='ocrx_word' id='word_1_404' title='bbox 423 2914 647 2955; x_wconf 83' lang='lat' dir='ltr'>adsequitur,</span> <span class='ocrx_word' id='word_1_405' title='bbox 682 2913 788 2945; x_wconf 87' lang='lat' dir='ltr'>finem</span> <span class='ocrx_word' id='word_1_406' title='bbox 818 2915 1018 2956; x_wconf 81' lang='lat' dir='ltr'>perveniat.</span> <span class='ocrx_word' id='word_1_407' title='bbox 1066 2915 1113 2946; x_wconf 83' lang='lat' dir='ltr'>At</span> <span class='ocrx_word' id='word_1_408' title='bbox 1144 2916 1204 2956; x_wconf 84' lang='lat' dir='ltr'>qui</span> <span class='ocrx_word' id='word_1_409' title='bbox 1235 2915 1376 2947; x_wconf 86' lang='lat' dir='ltr'>litteras</span> <span class='ocrx_word' id='word_1_410' title='bbox 1410 2916 1454 2947; x_wconf 87' lang='lat' dir='ltr'>ad</span> <span class='ocrx_word' id='word_1_411' title='bbox 1486 2917 1687 2948; x_wconf 84' lang='lat' dir='ltr'>mercedem</span> <span class='ocrx_word' id='word_1_412' title='bbox 1720 2916 1920 2956; x_wconf 80' lang='lat' dir='ltr'>abducunt,</span> <span class='ocrx_word' id='word_1_413' title='bbox 1951 2919 1991 2948; x_wconf 87' lang='lat' dir='ltr'>ut</span> 
     </span>
     <span class='ocr_line' id='line_1_40' title="bbox 294 2968 1988 3014; baseline 0.004 -16"><span class='ocrx_word' id='word_1_414' title='bbox 294 2968 409 3009; x_wconf 80' lang='lat' dir='ltr'>magis</span> <span class='ocrx_word' id='word_1_415' title='bbox 434 2969 485 2999; x_wconf 90' lang='lat' dir='ltr'>rei</span> <span class='ocrx_word' id='word_1_416' title='bbox 511 2969 684 3000; x_wconf 87' lang='lat' dir='ltr'>familiari</span> <span class='ocrx_word' id='word_1_417' title='bbox 709 2971 885 3012; x_wconf 74' lang='lat' dir='ltr'>augendae</span> <span class='ocrx_word' id='word_1_418' title='bbox 910 2971 1109 3012; x_wconf 89' lang='lat' dir='ltr'>temporive</span> <span class='ocrx_word' id='word_1_419' title='bbox 1142 2971 1299 3003; x_wconf 88' lang='lat' dir='ltr'>molliter</span> <span class='ocrx_word' id='word_1_420' title='bbox 1330 2973 1478 3004; x_wconf 88' lang='lat' dir='ltr'>terendo</span> <span class='ocrx_word' id='word_1_421' title='bbox 1511 2983 1615 3014; x_wconf 89' lang='lat' dir='ltr'>quam</span> <span class='ocrx_word' id='word_1_422' title='bbox 1645 2973 1756 3004; x_wconf 85' lang='lat' dir='ltr'>menti</span> <span class='ocrx_word' id='word_1_423' title='bbox 1782 2971 1988 3004; x_wconf 71' lang='lat' dir='ltr'>excolendae</span> 
     </span>
     <span class='ocr_line' id='line_1_41' title="bbox 293 3024 1988 3070; baseline 0.004 -16"><span class='ocrx_word' id='word_1_424' title='bbox 293 3024 510 3065; x_wconf 73' lang='lat' dir='ltr'>veritatique</span> <span class='ocrx_word' id='word_1_425' title='bbox 537 3026 774 3066; x_wconf 78' lang='lat' dir='ltr'>adsequendae</span> <span class='ocrx_word' id='word_1_426' title='bbox 801 3026 988 3067; x_wconf 86' lang='lat' dir='ltr'>studeant,</span> <span class='ocrx_word' id='word_1_427' title='bbox 1022 3027 1047 3058; x_wconf 90' lang='lat' dir='ltr'>ii</span> <span class='ocrx_word' id='word_1_428' title='bbox 1074 3030 1301 3058; x_wconf 78' lang='lat' dir='ltr'>contemnere</span> <span class='ocrx_word' id='word_1_429' title='bbox 1335 3028 1450 3059; x_wconf 87' lang='lat' dir='ltr'>solent</span> <span class='ocrx_word' id='word_1_430' title='bbox 1484 3039 1504 3059; x_wconf 88' lang='lat' dir='ltr'>a</span> <span class='ocrx_word' id='word_1_431' title='bbox 1535 3029 1729 3060; x_wconf 85' lang='lat' dir='ltr'>maioribus</span> <span class='ocrx_word' id='word_1_432' title='bbox 1763 3028 1988 3070; x_wconf 84' lang='lat' dir='ltr'>excogitatas</span> 
     </span>
     <span class='ocr_line' id='line_1_42' title="bbox 292 3078 1987 3125; baseline 0.004 -16"><span class='ocrx_word' id='word_1_433' title='bbox 292 3078 493 3111; x_wconf 85' lang='lat' dir='ltr'>litterarias</span> <span class='ocrx_word' id='word_1_434' title='bbox 520 3081 630 3111; x_wconf 87' lang='lat' dir='ltr'>etiam</span> <span class='ocrx_word' id='word_1_435' title='bbox 658 3084 753 3113; x_wconf 81' lang='lat' dir='ltr'>artes</span> <span class='ocrx_word' id='word_1_436' title='bbox 786 3083 1034 3124; x_wconf 84' lang='lat' dir='ltr'>rationesque,</span> <span class='ocrx_word' id='word_1_437' title='bbox 1067 3087 1107 3114; x_wconf 87' lang='lat' dir='ltr'>ut</span> <span class='ocrx_word' id='word_1_438' title='bbox 1138 3083 1267 3114; x_wconf 83' lang='lat' dir='ltr'>multos</span> <span class='ocrx_word' id='word_1_439' title='bbox 1293 3083 1336 3114; x_wconf 89' lang='lat' dir='ltr'>de</span> <span class='ocrx_word' id='word_1_440' title='bbox 1362 3085 1541 3125; x_wconf 80' lang='lat' dir='ltr'>superatis</span> <span class='ocrx_word' id='word_1_441' title='bbox 1568 3084 1838 3116; x_wconf 81' lang='lat' dir='ltr'>condicionibus</span> <span class='ocrx_word' id='word_1_442' title='bbox 1863 3084 1987 3116; x_wconf 90' lang='lat' dir='ltr'>eodem</span> 
     </span>
    </p>
   </div>
  </div>
 </body>
</html>
