2081 3517
275 202 365 247 18ss
762 202 934 240 Lx’bovlcl
956 217 1105 238 HELIANI
1127 217 1283 239 VENA'rlo
1304 217 1460 239 LEQNVM.

535 326 605 362 Ille
630 327 743 360 aciem
770 328 877 358 totam
905 323 941 356 in
980 322 1129 357 Venetos
1157 320 1290 356 diremit
1315 325 1347 355 et
1374 322 1453 356 illos

468 395 518 421 204
646 382 839 427 Disqreqat
867 382 899 412 et
925 381 1123 422 penetrans
1152 378 1296 422 aqmina
1327 377 1438 412 densa
1466 381 1576 412 secat.

545 437 691 473 Virtutis
719 443 892 470 memores
916 433 967 468 illi
993 442 1236 478 memoresque
1257 433 1384 468 salutis

646 491 845 527 Pulchrius
873 498 951 524 esse
974 493 1107 534 putant
1134 490 1170 523 in
1198 488 1284 534 sera
1313 488 1404 523 bella
1433 490 1543 525 mori.-

535 550 633 595 Erqo
657 549 749 582 inter
777 546 894 580 ccedes
921 545 1079 590 qaudent
1105 549 1138 579 et
1170 546 1236 579 tela
1268 546 1433 590 virosque

468 619 516 643 ρος
649 603 766 639 Obieia
793 600 1050 647 perfrinqunt‚
1083 601 1300 643 dilacerant,
1334 602 1488 643 laniant,

535 660 798 705 Intrepiclique,
827 657 888 692 ubi
907 657 1020 691 densa
1043 657 1159 692 vident
1185 657 1377 700 venabula,
1406 661 1577 692 currunt:

646 715 746 750 Dant
767 714 987 748 alternantes
1009 714 1262 759 accipiuntque
1290 723 1417 748 neces.-

534 773 747 818 Puquavere
777 769 855 811 (liu,
883 770 948 804 sed
975 779 1020 804 ne
1048 773 1278 804 morerentur
1306 770 1423 812 inulti,

466 840 515 865 ‘212
646 827 770 862 Fortia
794 829 1002 860 straverunt
1028 835 1185 870 corpora
1215 826 1323 860 multa
1346 825 1546 860 hominum:

540 885 627 920 Tum
654 893 738 917 vero
765 882 912 916 audires
940 883 1032 916 ictus
1055 880 1292 927 fremitusque
1312 882 1519 916 cadentum.-

649 939 822 974 Rlzetieus
854 937 956 981 hine,
988 938 1096 972 valles
1125 937 1208 971 lu'ne
1239 942 1416 972 tremuere
1442 938 1551 980 Padi,

537 997 660 1031 Donec
692 994 787 1029 Cella
811 993 942 1029 cohors
969 992 1172 1038 Italamque
1199 995 1380 1028 exercilus
1410 995 1522 1028 omnis

471 1063 520 1089 216
660 1051 857 1087 Unclantem
881 1050 1000 1085 hostili
1025 1053 1146 1095 straqe
1174 1053 1340 1084 cruentat
1367 1049 1536 1091 humum,-

536 1110 698 1155 Corpora
725 1117 856 1152 maqna
885 1106 987 1141 boum
1010 1106 1116 1141 veluti
1137 1109 1325 1150 prostrata
1347 1106 1505 1148 videres,

651 1163 810 1209 Totaque
838 1163 975 1197 insolito
997 1166 1113 1208 prata
1141 1171 1273 1196 cruore
1301 1166 1438 1196 natant.

537 1223 606 1256 Aut
632 1221 730 1264 capti
755 1223 819 1253 (tut
848 1220 936 1253 ccesi
962 1218 1145 1253 innumeri
1163 1219 1308 1262 periere
1336 1219 1473 1262 leones,

470 1290 518 1314 220
652 1275 698 1311 Se
728 1275 822 1310 (ledit
848 1275 979 1320 infami
1007 1279 1138 1310 ecetera
1168 1274 1275 1308 turba
1303 1273 1416 1320 fuqce.

542 1333 568 1368 0
594 1333 830 1378 Carmiqnolce
859 1337 891 1366 et
920 1332 1015 1366 clari
1043 1330 1206 1366 Coleonis
1234 1332 1270 1365 in
1295 1332 1425 1373 armis,

651 1389 826 1430 Gaudete,
855 1399 874 1423 o
905 1397 1047 1430 manes,
1073 1388 1226 1432 impiger
1250 1387 1344 1422 ultor
1370 1387 1480 1422 aclesl.

541 1446 567 1481 O
599 1445 813 1490 Rlzaquscei,
844 1449 877 1478 et
905 1444 1057 1489 Liqures
1081 1453 1193 1489 super
1219 1454 1369 1488 (equora
1395 1445 1482 1478 ecesi

472 1514 522 1538 ‘224
656 1500 700 1535 In
729 1501 825 1535 bellis
863 1499 1024 1543 Venetis,
1055 1504 1170 1534 vester
1193 1498 1250 1533 lu'e
1273 1500 1367 1534 ultor
1393 1500 1503 1534 adest.

541 1558 569 1594 0
598 1567 708 1593 eruce
736 1558 884 1603 sufflati,
915 1557 976 1602 qui
1002 1560 1131 1590 sancta
1160 1555 1280 1590 videre
1310 1556 1505 1602 sepulchra

660 1612 789 1655 Vultis,
819 1617 856 1647 at
884 1613 919 1647 in
951 1611 1115 1658 Solymus
1142 1614 1212 1646 iam
1237 1612 1426 1658 patefacta
1456 1615 1513 1647 via
1544 1617 1614 1647 est.-

539 1671 610 1706 Hic·
630 1671 714 1716 finis
752 1669 876 1704 Veneti
902 1670 1060 1714 imperii,
1091 1668 1256 1703 cecidere
1282 1669 1432 1714 tyranni

472 1739 520 1764 ‘225
652 1726 858 1761 Innumeri:
887 1735 984 1759 nune
1009 1729 1062 1759 est
1083 1724 1196 1759 libera
1226 1728 1345 1767 terra,
1377 1734 1498 1759 mare.-

539 1784 594 1819 De
624 1788 673 1825 te,
699 1792 829 1828 maqne
855 1782 926 1823 leo,
958 1780 1096 1827 Requm
1123 1780 1209 1815 Rea:
1239 1781 1420 1815 maximus
1443 1781 1532 1815 albis

653 1838 827 1882 Quattuor
856 1839 891 1872 in
919 1838 1016 1872 lauri
1038 1836 1174 1883 fronde
1203 1836 1400 1882 triumphat
1428 1838 1538 1882 equis.

540 1896 616 1931 Nee
638 1904 723 1931 vero
752 1898 806 1936 te,
837 1897 960 1928 sancte
985 1898 1113 1938 pater,
1146 1897 1196 1935 te,
1229 1894 1387 1927 maxime
1414 1892 1504 1935 Iuli,

473 1963 521 1988 2:32
653 1951 776 1985 Altera
801 1950 883 1985 belli
909 1949 1014 1984 huius
1041 1949 1178 1995 qloria‚
1203 1953 1442 1994 praeteream.-

545 2009 597 2044 Tu
624 2007 801 2054 pepulisti
827 2007 940 2040 armis
980 2005 1130 2040 Venetos
1158 2015 1206 2040 eoe
1232 2005 1320 2040 urbe
1345 2005 1521 2041 Ravenna

650 2064 766 2110 Atque
793 2063 993 2097 Fauentina
1023 2062 1280 2108 Flaminiaque
1310 2066 1393 2101 tua;

544 2121 597 2156 Tu
628 2129 704 2155 rem
734 2119 939 2154 Romanam
967 2120 1106 2164 maqnis
1136 2118 1329 2165 leqionibus
1357 2129 1486 2164 angles,

474 2189 523 2214 2:36
657 2175 834 2222 Claviqeri
855 2177 984 2211 attollis
1014 2175 1155 2210 clirruta
1181 2175 1309 2220 templa
1335 2174 1454 2211 Petri:

363 2354 405 2374 2⁰³
432 2355 580 2386 dirrexit
607 2356 679 2385 1.2.
737 2353 779 2373 2⁰5
805 2353 931 2385 Obitia
950 2355 1021 2384 1.2.
1086 2352 1305 2383 dillacerant
1325 2354 1352 2382 1.
1365 2353 1396 2382 2.
1466 2350 1508 2370 ²¹⁷
1533 2351 1732 2392 prostracta
1752 2354 1782 2382 1.
1844 2350 1885 2371 ²¹⁹
1906 2352 1979 2383 cesi

278 2415 307 2443 1.
377 2411 420 2431 ²²¹
446 2409 643 2452 Carmign.]
675 2411 910 2442 Franciscum
934 2410 1132 2441 Bussonem
1166 2407 1500 2439 Carmaniolensem
1532 2418 1574 2439 ex
1604 2408 1725 2439 infimo
1757 2408 1880 2439 ordine
1912 2418 1974 2439 na-

277 2472 349 2499 tum
376 2478 406 2499 a.
429 2466 538 2506 1390„
565 2467 694 2498 deinde
720 2466 878 2507 egregiis
896 2466 969 2497 suis
987 2465 1030 2496 de
1054 2465 1279 2496 Vicecomite
1304 2463 1567 2495 Mediolanensi
1594 2468 1700 2505 atque
1724 2467 1913 2506 postquam
1939 2465 1976 2495 in

276 2524 380 2555 huius
399 2524 633 2565 suspitionem
652 2522 842 2563 odiumque
860 2521 1053 2560 inciderat,
1080 2521 1162 2552 inde
1183 2520 1226 2552 ab
1247 2531 1277 2552 a.
1298 2520 1394 2551 1425.
1415 2520 1457 2551 de
1476 2521 1625 2552 Venetis
1650 2521 1788 2552 meritis
1814 2520 1859 2551 ad
1884 2530 1975 2551 sum-

277 2590 351 2626 mos
376 2579 475 2613 locos
502 2583 666 2611 evectum
685 2579 902 2610 Venetorum
928 2577 997 2609 dux
1013 2577 1233 2608 Franciscus
1258 2577 1454 2608 Fusearius
1479 2580 1560 2618 post
1577 2577 1758 2619 stipendia
1776 2577 1813 2608 in
1831 2576 1975 2618 conplu-

276 2637 374 2668 ribus
399 2636 542 2667 Italicis
575 2635 795 2667 exercitibus
827 2634 956 2666 merita
988 2645 1066 2666 cum
1098 2633 1314 2665 decemviris
1340 2633 1408 2663 iuri
1439 2632 1592 2664 dicundo
1625 2633 1755 2664 misere
1787 2633 1976 2674 deceptum

277 2694 397 2735 capite
422 2692 586 2734 plectunt
604 2692 636 2723 d.
651 2692 682 2723 ε’).
700 2691 792 2722 Maii
810 2701 840 2722 a.
860 2690 954 2723 1432.
974 2709 1014 2712 —
1032 2689 1317 2721 Bartholomaeus
1336 2689 1529 2721 Coleonius
1546 2690 1741 2731 Bergomas
1759 2689 1976 2720 Venetorum

277 2750 392 2791 copiis
416 2748 630 2790 praefectus,
665 2758 752 2789 quas
777 2748 926 2789 saepius,
960 2747 1070 2778 etiam
1096 2749 1222 2778 contra
1246 2745 1445 2777 Mediolani
1469 2745 1595 2776 ducem
1619 2745 1898 2785 Vicecomstem,
1932 2745 1977 2776 ad

277 2805 467 2837 victoriam
494 2805 610 2844 duxit,
639 2804 848 2846 reipublicae
873 2804 1023 2835 Venetae
1049 2802 1190 2834 relictis
1216 2801 1348 2833 216000
1374 2802 1516 2833 ducatis
1543 2801 1699 2833 decessit
1726 2812 1756 2832 a.
1779 2801 1890 2842 1457„
1915 2811 1976 2833 ve-

276 2871 369 2892 neno
397 2862 593 2900 extinctus,
621 2863 659 2891 ut
684 2860 862 2892 Helianus
889 2863 978 2891 orat.
997 2860 1026 2898 ξ.
1050 2858 1100 2890 12.
1121 2859 1243 2900 (supra
1268 2870 1301 2900 p.
1324 2857 1412 2899 171.)
1439 2858 1588 2889 rettulit.
1617 2857 1672 2889 Cf.
1692 2859 1741 2889 Le
1760 2858 1857 2890 Bret.
1876 2858 1923 2889 II.
1943 2858 1974 2888 2.

279 2918 306 2955 5.
326 2916 401 2948 837.
430 2917 512 2959 Ipso
537 2916 679 2948 homine
705 2927 775 2949 non
801 2916 1022 2948 incelebrior
1047 2918 1102 2947 est
1127 2919 1248 2946 statua
1276 2914 1452 2956 equestris
1478 2915 1515 2945 in
1539 2914 1710 2946 honorem
1744 2914 1820 2945 eius
1845 2914 1975 2955 posita.

278 2972 320 2991 ²3³
346 2973 489 3004 Damna
513 2973 591 3004 haec
609 2973 739 3005 Veneti
765 2975 864 3014 passi
889 2976 972 3004 sunt
997 2972 1116 3003 omnia
1143 2982 1173 3002 a.
1198 2970 1292 3002 1509.
1378 2969 1420 2990 234
1446 2970 1734 3011 Flamminiaque
1754 2972 1783 3002 1.
1854 2968 1897 2988 ²³¹5
1921 2971 1976 3001 De

281 3027 402 3069 templi
422 3028 662 3060 aedificatione
690 3029 737 3060 cf.
758 3029 859 3070 impr.
877 3027 1054 3070 Pasquill.
1075 3032 1109 3058 et
1128 3027 1272 3058 Exhort.
1294 3027 1337 3057 ad
1364 3027 1558 3068 principes,
1586 3037 1630 3057 ne
1656 3027 1692 3057 in
1718 3026 1869 3058 decimae
1887 3036 1976 3067 prae-

282 3084 476 3115 stationem
506 3086 749 3116 consentiant.
