2081 3517
546 545 763 584 IIVTTENI
795 545 1015 583 VOENNAM
1047 543 1397 583 INGREDIENTIS

864 622 1073 654 CARMEN.

453 689 605 729 Ulricus
636 689 826 727 lluttenus
856 690 1087 740 peregrinus
1118 689 1303 727 Viennam
1335 688 1485 727 salutat.

385 791 488 829 Pene
520 790 731 840 pererratis
762 795 855 840 quot
886 789 1004 828 habet
1034 790 1239 829 Germania
1271 795 1395 833 terras

495 857 543 895 Et
572 858 662 895 visis
692 856 845 906 populis
877 868 1032 907 quoque
1063 857 1133 895 sub
1166 856 1261 894 orbe
1293 857 1418 897 novis.

386 924 555 962 Plurima
588 936 724 973 passus
755 925 863 974 aquis
895 930 931 962 et
961 929 1066 962 terra
1098 923 1263 973 plurima
1296 935 1431 973 passus

351 1006 366 1030 4
494 991 696 1040 lngredior
728 1003 880 1036 murOS,
914 991 987 1029 alta
1020 991 1183 1035 Vienna,
1214 995 1320 1028 tuos:

384 1058 469 1096 Non
503 1059 588 1108 quia
621 1058 719 1096 forte
751 1058 835 1095 loco
869 1057 1003 1096 vellem
1035 1063 1071 1096 te
1103 1058 1240 1096 adiisse
1271 1069 1474 1108 supremo,

499 1125 575 1163 Sed
607 1126 694 1175 quia
726 1125 858 1163 fatales
889 1126 943 1163 sic
975 1124 1129 1163 voluere
1160 1126 1262 1163 dese:

388 1192 477 1230 Fata
510 1204 673 1242 sequor,
707 1193 791 1230 fatis
821 1193 872 1230 ita
905 1191 1228 1242 compellentibus
1260 1203 1370 1235 erro,

353 1272 368 1296 s
496 1259 593 1297 Ante
625 1258 717 1296 alias
749 1263 897 1303 tecum,
931 1260 961 1297 si
992 1259 1182 1303 licuisset,
1217 1272 1335 1297 eram.

387 1326 491 1371 Quos
512 1326 606 1363 mihi
637 1326 734 1363 dura
766 1326 846 1364 dics
869 1326 1050 1365 Lachesis
1082 1317 1324 1364 disterminat
1355 1330 1392 1364 et
1421 1338 1517 1376 quas

499 1392 640 1441 Inssigit
672 1404 785 1430 curas
816 1392 1068 1443 deliciasque,
1102 1406 1264 1443 sequor-3

387 1459 473 1497 Non
505 1458 623 1497 voluit
653 1460 787 1509 patriae
818 1460 1063 1510 tranquillam
1095 1459 1278 1498 habuisse
1310 1461 1496 1510 quietem,

340 1540 371 1565 12
500 1526 586 1565 Non
619 1526 737 1564 voluit
768 1526 917 1576 placido
949 1528 1063 1565 vitam
1095 1528 1242 1577 agitare
1273 1532 1393 1569 statu;

392 1592 481 1632 ‘Ast’
515 1595 566 1632 ait
599 1593 764 1631 ‘errabis
795 1594 979 1644 varioque
1010 1593 1082 1632 sub
1115 1594 1210 1632 orbe
1242 1594 1390 1632 videbis

503 1659 724 1699 ‘Multorum
757 1673 905 1706 mores,
939 1661 1120 1712 quodque
1151 1662 1326 1711 sequaris
1358 1661 1451 1705 erit'‚

391 1728 471 1766 Nec
502 1729 592 1765 sinit
622 1732 665 1765 ut
694 1727 831 1766 vellem
864 1740 977 1767 curas
1008 1728 1236 1778 amplectier
1267 1727 1367 1772 illas,

341 1808 372 1834 16
499 1795 575 1834 Sed
607 1800 741 1833 contra
773 1800 908 1834 nutum
940 1801 1087 1846 pugnat
1117 1796 1271 1846 agitque
1303 1808 1446 1833 meum.

394 1862 433 1900 Si
465 1867 600 1900 contra
633 1863 856 1912 impositum
888 1862 1058 1901 licuisset
1088 1864 1217 1901 vivere
1250 1875 1429 1906 cursum,

506 1930 591 1968 Visa
625 1929 718 1967 mihi
748 1930 917 1979 primum
948 1929 1143 1968 Pannonis
1175 1942 1242 1967 ora
1276 1930 1395 1967 soret:

395 1996 548 2035 Scilicet
577 1998 788 2035 immensos
819 1998 938 2035 visum
972 2002 1027 2035 est
1058 1997 1235 2047 perferre
1265 1996 1440 2040 labores,

345 2077 377 2102 20
506 2064 552 2102 Et
582 2064 737 2102 tandem
769 2063 905 2102 molles
936 2065 1142 2114 appetiisse
1174 2064 1267 2102 dies.

394 2131 447 2169 Da
479 2130 669 2182 placidam
702 2131 875 2169 dextram
908 2133 1090 2176 venienti,
1124 2131 1218 2170 urbs
1250 2131 1374 2174 clara,
1408 2136 1551 2181 poene:

508 2199 590 2236 Hoc
621 2203 657 2237 te
688 2211 759 2248 per
791 2197 915 2236 cultos
946 2198 1126 2237 obsecrat
1155 2198 1217 2237 ille
1248 2202 1347 2236 tuos.

397 2266 475 2303 Iam
507 2266 598 2303 satis
629 2271 687 2304 est
716 2265 833 2316 longo
865 2265 1050 2305 tolerasse
1081 2266 1327 2304 incommoda
1359 2277 1496 2309 cursu,

347 2346 380 2371 24
509 2332 588 2371 Iam
620 2333 711 2371 satis
743 2338 799 2371 est
830 2332 938 2371 durze
969 2333 1086 2371 multa
1117 2333 1252 2372 tulisse
1282 2334 1351 2371 viee

399 2400 446 2437 Et
475 2401 600 2439 varios
631 2399 792 2438 morbos
822 2399 1129 2452 spoliatoresque
1161 2400 1351 2450 malignos

510 2466 757 2518 Vulneraque
789 2472 826 2505 et
856 2480 968 2507 casus
999 2468 1233 2518 insidiasque
1266 2473 1416 2511 truceS‚

131 2590 286 2622 Hutteni
304 2600 451 2621 carmen
470 2590 562 2630 quod
580 2591 692 2622 seiam
711 2601 781 2622 non
807 2591 877 2622 nisi
902 2593 938 2621 in
958 2594 987 2623 1.
1007 2591 1064 2631 (Ξ
1080 2591 1156 2622 Iud.
1176 2590 1262 2622 bibl.
1283 2591 1386 2621 Hutt.
1404 2601 1438 2620 n.
1459 2590 1534 2629 VI.)
1554 2592 1589 2619 et
1613 2591 1646 2620 2.
1666 2587 1723 2628 (z
1739 2588 1841 2618 Miiu—

133 2647 207 2678 chii
225 2645 390 2688 exemplo
408 2646 479 2687 Lp.
495 2645 567 2678 139.
579 2657 630 2687 sq.
651 2650 760 2678 extat.
785 2647 992 2678 Eekianum
1006 2647 1245 2678 decastichon
1259 2648 1290 2676 2.
1302 2645 1501 2676 :Miinelr
1513 2645 1540 2676 Ι.
1551 2656 1584 2686 p.
1598 2643 1670 2675 110.
1682 2644 1840 2685 repetiit.

223 2734 475 2779 ingredientis]
503 2736 675 2768 intrantis
701 2738 733 2767 2.
828 2736 1010 2778 Scriptum
1043 2739 1195 2768 exeunte
1223 2747 1254 2767 a.
1276 2735 1372 2767 1511.
1398 2739 1437 2766 ut
1462 2735 1615 2767 videtur.
1649 2733 1703 2765 Cf.
1723 2732 1793 2765 vol.
1812 2733 1841 2764 Ι.

133 2793 183 2826 n0.
202 2794 245 2825 X.
338 2792 551 2834 peregrinus
575 2806 619 2820 Ξ
644 2792 778 2836 Qilgcr,
811 2803 882 2824 non
907 2792 1111 2838 &remmota
1206 2791 1215 2811 ¹
1242 2791 1414 2832 Odysseae
1447 2791 1630 2822 exordium
1661 2790 1699 2820 in
1723 2792 1844 2821 mente

134 2852 254 2891 poetae
273 2848 353 2881 fuit.
381 2848 428 2880 cf.
443 2859 476 2879 v.
494 2847 543 2879 13.
563 2858 614 2889 sq.
642 2848 699 2879 Cf.
719 2848 833 2889 epigr.
851 2859 914 2890 pro
941 2859 1005 2880 ara
1024 2848 1136 2879 Corit.
1164 2847 1272 2878 ‘Orbe
1298 2848 1506 2888 pererrato'.
1576 2845 1589 2864 ⁹
1614 2845 1792 2877 Laeheris
1809 2847 1843 2877 2.

135 2906 215 2937 dira
232 2904 422 2937 Lachesis.
442 2904 546 2935 Ovid.
561 2904 655 2935 trist.
670 2904 710 2935 V.
727 2903 757 2942 6,
773 2910 814 2935 10.
877 2904 904 2924 ¹2
922 2906 1059 2946 agitate
1079 2907 1108 2935 1.
1173 2902 1199 2923 ¹3
1217 2903 1336 2934 videb.
1355 2902 1454 2933 mult.
1474 2900 1532 2943 1n.]
1555 2902 1694 2933 Homer.
1714 2900 1843 2941 Odyss.

138 2960 163 2981 ’Β
190 2961 246 2995 Cf.
265 2971 374 3002 supra
400 2960 538 2992 exhort.
558 2971 591 2992 v.
610 2959 686 2993 562,
748 2958 777 2980 ²0
801 2960 930 2992 Molles
956 2961 1034 2991 dies
1060 2960 1170 2991 etiam
1196 2961 1389 2999 sequentes
1415 2957 1603 2989 duodecim
1630 2957 1715 2988 anni
1733 2966 1844 2997 usque

137 3017 217 3048 dum
244 3017 279 3047 in
304 3017 468 3048 Ufnavia
494 3016 704 3057 quiesceret,
732 3027 803 3047 non
829 3017 1039 3047 attulerunt.
1133 3014 1161 3034 ²²
1187 3012 1315 3055 cultos]
1347 3014 1443 3046 viros
1468 3014 1634 3046 doctrina
1659 3012 1841 3045 inlustres.

139 3070 295 3114 obsecr.]
324 3072 509 3113 supplicat
535 3075 566 3102 2.
637 3070 665 3089 2³
690 3072 779 3113 spol.
801 3070 898 3113 mah]
919 3073 1077 3103 Lossios.
