2081 3517
77 203 239 224 HVTTENI
257 201 303 223 AD
318 202 402 224 CAES.
414 203 691 224 MAXIMILIANVM
710 203 754 224 VT
770 203 915 224 BELLVM
930 203 967 223 IN
983 201 1146 223 VENETOS
1160 201 1312 228 PROSEQ.
1324 202 1648 226 EXHORTATORIVM.
1679 183 1772 229 143

342 305 550 344 Immittant
580 305 734 344 Venetis
764 306 911 344 tristem
943 305 1037 343 vada
1068 304 1237 343 Balthiea
1270 303 1450 349 classem,

453 373 587 417 Arma,
619 374 721 411 viros
752 374 890 422 ingens
921 374 1086 411 concitet
1116 371 1311 416 Oeeanus;

341 440 425 477 Huc
455 445 610 490 §ioque
640 439 814 479 littoreos
844 445 995 478 moveat
1026 452 1141 479 eausa
1172 441 1240 478 ista
1273 438 1483 483 Bornssos,

276 519 324 543 460
450 506 650 544 Finitimos
680 508 782 556 agris
801 538 810 552 ,
843 507 1017 546 Sarmata
1049 507 1166 552 (lure,
1199 508 1292 551 tuis;

342 573 457 611 Istula
488 578 545 611 tot
576 573 747 617 Venetis,
780 578 837 612 tot
866 575 1023 613 miseeat
1055 574 1178 613 Odera
1211 579 1366 624 gentes,

455 641 653 691 Causaque
685 641 856 679 diversos
888 642 1089 680 contrahat
1118 654 1193 681 una
1225 642 1359 680 duces:

343 708 443 753 Quot
473 707 626 758 populis
657 709 863 759 animoque
893 713 960 747 tuo
993 714 1172 748 contente
1204 709 1378 748 domabis

274 787 323 812 404
449 775 633 813 Horribili
664 775 828 815 Venetas
859 776 1061 816 obsidione
1092 790 1240 816 manus,

339 842 458 880 Ardet
488 847 525 881 et
554 844 749 893 antiquam
781 850 962 894 repetens
993 844 1195 883 Germania
1226 845 1379 884 laudem

453 909 615 960 Egregie
647 912 853 962 quicquam
884 911 987 962 quod
1019 918 1129 961 gerat
1158 925 1242 951 esse
1273 913 1389 964 eupit.

342 977 460 1015 Tanta
493 977 632 1029 quibus
662 979 782 1018 virtus
814 979 985 1018 animosa
1016 980 1053 1018 in
1085 984 1243 1030 pectora
1274 981 1394 1024 venit,

275 1058 323 1083 ais
451 1045 499 1084 Ut
529 1047 686 1095 cupiant
716 1045 848 1085 laudes
878 1048 1018 1096 ingiter
1049 1048 1104 1086 ire
1134 1052 1240 1092 tuas,

345 1113 488 1163 Sponte
519 1125 587 1151 sua
619 1114 685 1163 qui
715 1118 751 1153 te
783 1126 887 1153 arina
920 1119 1074 1165 petunt,
1108 1115 1238 1166 praehe
1270 1127 1387 1166 ocyus
1417 1114 1491 1153 illis

456 1180 483 1218 F
489 1185 686 1219 omentum
718 1193 856 1231 pugna]
888 1183 1165 1233 materiamque
1196 1195 1322 1227 novae;

342 1247 477 1286 Praehe
508 1247 580 1286 illis
611 1260 686 1298 qno
718 1260 758 1287 se
788 1250 922 1299 primis
954 1256 1132 1288 exerceat
1161 1251 1271 1289 annis

275 1328 324 1353 472
452 1315 577 1365 Siquis
608 1316 647 1352 in
678 1315 750 1353 liae
781 1316 893 1354 turba
926 1316 1082 1355 sedulus
1115 1329 1198 1356 esse
1229 1319 1355 1367 cupit:

343 1382 473 1433 Turpe
505 1387 561 1421 est
591 1384 628 1421 in
660 1384 785 1432 primo
817 1384 973 1422 invenes
1002 1389 1227 1434 torpescere
1258 1385 1354 1423 flore

454 1450 501 1488 Et
530 1450 624 1488 nihil
656 1450 776 1488 aetatis
809 1452 840 1488 vi
872 1450 1030 1489 meliore
1062 1452 1156 1496 frui;

343 1517 473 1567 Turpe
505 1523 561 1556 est
591 1530 696 1556 arma
727 1524 800 1556 tiae
830 1523 952 1557 tracta
982 1519 1162 1568 rubigine
1193 1520 1316 1569 gentis

275 1597 323 1622 4715
453 1584 552 1623 Olim
585 1585 687 1624 clara
719 1586 812 1625 soris
843 1595 947 1624 nune
977 1585 1133 1626 latuisse
1164 1587 1287 1631 domi3

344 1652 473 1703 Turpe
505 1659 562 1691 est
591 1652 766 1692 imbelles
795 1653 960 1704 populos
991 1654 1234 1705 Venetosque
1265 1656 1422 1706 fugaces

456 1721 644 1771 Egregios
675 1723 792 1761 armis
824 1721 1028 1761 sollicitare
1059 1723 1195 1762 duces:

344 1871 418 1906 Huc
451 1882 593 1918 quoque
624 1870 790 1907 littoreos
822 1878 960 1907 moveat
985 1872 1100 1918 furer
1130 1874 1187 1908 ille
1216 1875 1410 1914 liorussos,
1707 1888 1778 1919 (259)

455 1927 642 1962 Finitimos
674 1927 787 1974 agris,
821 1928 979 1964 Sarmata
1009 1929 1116 1968 dure,
1150 1931 1238 1970 tuis:
1706 1944 1778 1975 (iao)

343 1983 450 2019 Istnla
483 1989 537 2019 tot
570 1984 732 2025 Venetis,
767 1989 820 2019 tot
850 1985 995 2020 misceat
1025 1985 1137 2020 Odera
1168 1992 1311 2033 gentes,

277 2049 326 2074 205
455 2040 636 2087 Causaque
667 2040 827 2075 diversos
858 2042 1045 2077 contrahat
1075 2053 1145 2077 nna
1174 2043 1301 2079 duces:

344 2097 412 2132 His
442 2096 588 2144 populis
618 2097 808 2143 animoque
842 2102 902 2132 tuo
935 2103 1100 2133 contente
1132 2099 1292 2135 domabis

458 2153 627 2188 llorribili
660 2153 810 2188 Venetas
843 2153 1027 2189 obsidione
1060 2166 1195 2190 manus.
1706 2168 1778 2200 (464)

344 2209 454 2245 Ardet
484 2215 518 2244 et
550 2210 729 2256 antiquam
761 2216 926 2256 repetens
958 2211 1143 2247 Germania
1173 2211 1312 2248 laudem

279 2276 327 2301 212
452 2265 601 2313 Egregie
634 2266 822 2313 quiequam
855 2266 949 2313 quod
980 2272 1082 2313 gerat
1112 2279 1191 2304 esse
1221 2270 1331 2316 eupit.

346 2323 455 2359 Tanta
488 2322 617 2369 quibus
649 2322 760 2357 virtus
793 2325 927 2357 amissa
958 2323 993 2358 in
1023 2330 1170 2370 pectora
1199 2326 1313 2366 venit,

459 2379 501 2414 Ut
531 2379 675 2426 cupiant
705 2379 806 2414 [azali
832 2380 1058 2415 consuluisse
1082 2392 1179 2423 sace,
1705 2393 1778 2423 (ias)

348 2435 481 2483 Sponte
512 2447 576 2471 sua
605 2436 732 2482 quibus
762 2447 859 2471 arma
886 2438 1046 2481 placent,
1077 2437 1195 2484 praebe
1226 2439 1330 2473 illicet
1358 2440 1433 2473 istis

280 2501 328 2526 216
455 2493 665 2527 Fomentuin
697 2504 828 2539 pngme
859 2493 1115 2540 materiamque
1147 2506 1266 2535 novam

347 2548 472 2584 Praebe
502 2548 571 2583 illis
604 2560 674 2595 quo
706 2560 742 2583 se
773 2550 896 2596 primis
927 2555 1089 2585 exerceat
1118 2551 1238 2591 annis,

461 2605 497 2640 Si
529 2606 607 2651 quis
639 2605 673 2639 in
703 2605 767 2640 liae
799 2606 901 2641 turba
932 2607 1074 2641 bellicus
1103 2618 1182 2642 esse
1213 2608 1329 2655 eupit:
1707 2618 1779 2650 (472)

351 2662 468 2709 Turpe
500 2667 554 2696 est
585 2661 619 2695 in
650 2662 766 2708 primo
800 2662 942 2698 iuvenes
974 2669 1178 2710 torpescere
1210 2666 1296 2699 llere

282 2727 331 2753 220
458 2717 499 2752 Et
529 2717 617 2752 nihil
648 2718 762 2753 {etatis
794 2719 824 2753 vi
856 2719 1004 2754 meliore
1037 2720 1122 2759 srni;

351 2775 467 2821 Turpe
498 2779 552 2809 est
582 2785 677 2809 arma
709 2780 776 2809 tute
809 2781 920 2811 tracta
950 2775 1115 2822 rubigine
1145 2776 1262 2823 gentis

463 2830 552 2866 Olim
583 2829 675 2865 clara
707 2830 918 2871 sorisnune
948 2832 1096 2867 latuisse
1127 2832 1241 2873 ‹lomi3
1710 2843 1782 2875 (474)

353 2887 469 2934 Turpe
501 2892 556 2922 est
587 2886 745 2923 imbelles
777 2889 932 2936 populos
963 2881 1189 2935 Venetosque
1222 2889 1365 2935 fugaces

283 2953 332 2979 224
459 2943 632 2989 Egregios
663 2945 792 2980 (mimis
822 2945 1014 2981 sollicitare
1045 2945 1164 2980 (luces.
1709 2955 1782 2988 (475)

174 3075 215 3096 ⁴¹⁶¹
242 3076 318 3118 Isti]
345 3075 505 3114 Vistula,
540 3076 716 3108 H'ez'clesel.
788 3078 876 3110 dura
903 3081 998 3110 3...5.
1071 3078 1220 3108 miserat
1244 3078 1320 3109 edd.
1384 3074 1426 3096 ²2¹¹
1451 3077 1652 3119 Aegregios
1679 3079 1709 3109 1.
