2081 3517
132 240 287 262 HELIANI
306 241 351 262 DE
371 240 488 262 BELLO
509 240 606 262 SVSC.
622 239 704 262 ADv.
720 239 851 261 VENET.
868 240 912 260 ET
931 238 1069 261 TVROAS
1089 237 1226 260 ORATlo
1246 238 1417 258 MAXIMIL·
1432 238 1516 259 AVG.
1533 238 1653 260 DICTA.
1692 218 1783 263 177

86 344 210 379 dolore
234 344 375 379 interiit.
438 343 588 378 Rhodus
619 348 718 378 terra
749 343 911 388 marique
928 342 1239 387 periculosissima
1267 341 1445 376 obsidione
1474 353 1495 376 a
1530 342 1562 376 T
1561 354 1621 377 ur-
1657 338 1786 394 {niori-is,
1804 343 1879 374 §.32

87 401 140 435 cis
165 399 421 445 premebatur:
459 410 568 447 quam
604 398 754 434 cimbam
791 403 853 433 aut
886 398 1062 444 scapham
1092 399 1128 432 in
1155 399 1332 433 auxilium
1363 399 1562 433 miserunt?
1600 399 1695 445 quod
1723 400 1794 433 nisi

88 457 335 502 religiosorum
365 457 493 491 virtute
532 465 578 489 ac
613 456 751 490 auxilio
778 455 1016 490 Genuensium
1047 454 1197 500 defensa
1232 454 1383 500 fuisset,
1422 455 1514 489 sicut
1543 454 1789 490 Constantino·

80 513 193 558 polim
224 513 260 546 in
289 511 496 546 Turcarum
521 516 730 557 potestatem
761 511 926 545 devenire
958 520 1103 545 necesse
1127 511 1278 556 fuisset.-
1317 510 1503 546 Venetiani
1518 512 1593 556 pri>
1631 507 1791 561 Ιξζζζζῇἵζῑῑ·

61 576 185 603 5mum
212 578 323 611 auro,
360 572 490 614 postea
521 567 843 612 Constantinopolis
867 567 1034 611 potiundi
1058 567 1281 612 cupidissimi
1309 567 1410 602 modo
1438 571 1655 602 commeatus
1684 572 1790 612 atque

89 635 195 659 arma
226 624 357 659 Turcis
382 635 513 669 mayna
542 624 658 657 classe
682 622 973 668 comportabant,
1014 623 1117 658 modo
1156 624 1357 658 eoeercitum
1395 633 1521 658 eorum
1559 633 1607 658 ex
1636 625 1723 658 Asia
1753 624 1788 656 in

94 680 288 715 Thraciam
311 690 385 725 per
411 679 643 725 Bosphorum
681 678 990 725 transfretabant,
1031 679 1120 713 nihil
1147 680 1350 714 omittebant
1381 680 1477 725 quod
1504 681 1641 726 regiam
1668 679 1791 715 urbem

89 736 256 783 affliyere
281 740 414 782 posset,
444 740 481 770 ut
502 736 680 770 interdum
710 736 770 770 illa
796 737 1013 780 potirentur.
1075 735 1395 781 Constantinopolis
1422 740 1522 770 terra
1542 737 1705 782 marique
1726 736 1790 769 du-
1807 739 1873 770 §.33

89 794 230 828 rissime
253 794 462 839 oppuynari
488 796 603 837 coepta
636 795 686 827 est
696 807 706 831 ,·
737 791 987 828 Constantinus
1016 792 1214 837 imperator
1237 802 1308 838 per
1330 793 1522 827 clandesti-
1578 788 1795 811 ⁶⁰²²⁸‘“'²'‘⁷¹¹'‘'”‘

1577 819 1697 844 perator-13
1725 816 1795 837 verba

48 856 78 881 10
92 859 157 884 nos
186 850 335 884 nuncios
364 848 640 894 lachrymabiles
669 847 941 894 deprecationes
972 848 1153 893 prcefecto
1192 849 1367 883 Veneticce
1397 845 1524 884 classis
1577 844 1795 894 5.{„2,AE⁷‘22⁶,⁰g}2'f¹

89 905 242 940 mittebat
271 915 350 940 eum
383 905 577 940 obsecrans
604 914 678 950 per
707 905 828 947 deum,
866 905 930 951 qui
964 904 1081 938 sedem
1115 904 1407 950 patriarchalem
1445 906 1516 940 illic
1546 907 1792 948 constituerat,

82 971 156 1007 per
185 962 358 1007 viryinem
388 961 597 1007 deiparam,
636 962 740 996 cuius
777 962 918 995 numini
952 961 1074 996 civitas
1102 966 1313 996 consecrata
1340 960 1471 1006 fuisset
1499 966 1532 997 et
1560 962 1722 1005 condita,
1759 965 1796 996 ut

89 1016 311 1063 Imperatori
339 1017 505 1053 Romano
537 1022 569 1052 et
598 1019 707 1064 reqice
737 1018 904 1052 orientali
934 1017 1188 1055 misereretur;
1224 1027 1272 1052 ex
1312 1022 1410 1052 tanta
1450 1018 1566 1053 classe
1596 1019 1687 1053 (titas
1715 1022 1794 1052 tan-

88 1078 159 1108 tum
190 1084 300 1109 naves
327 1074 484 1109 subsidio
512 1076 671 1109 mitteret.
732 1074 782 1109 ad
809 1073 888 1109 hcec
911 1073 1115 1119 prcefectus
1154 1073 1339 1109 Veneticus
1369 1075 1570 1120 respondit,
1619 1071 1622 1124 Q
1653 1085 1794 1112 Responm,

50 1142 78 1166 15
91 1141 163 1165 non
188 1140 265 1165 esse
293 1132 403 1165 moris
442 1130 657 1166 Venetorum
689 1132 806 1165 aliena
831 1130 1047 1175 defendere:
1078 1130 1235 1175 proinde
1260 1131 1294 1164 si
1321 1140 1360 1164 se
1387 1141 1431 1165 ac
1460 1131 1582 1166 urbem
1613 1132 1795 1175 dederent,

88 1197 170 1221 cum
205 1191 275 1221 tota
310 1188 428 1222 classe
462 1189 681 1222 intraturum
715 1197 759 1221 ac
798 1187 1011 1221 obsidionem
1051 1187 1272 1225 soluturunu
1308 1196 1346 1221 se
1384 1189 1628 1222 commiserari
1664 1189 1795 1223 (laram

88 1242 375 1279 Christianorum
402 1249 545 1287 sortem,
575 1244 640 1278 sed
669 1243 714 1278 ab
741 1247 869 1278 senatu
899 1243 969 1277 tale
993 1243 1200 1277 mandatum
1230 1242 1375 1286 habere,
1406 1244 1502 1289 quod
1530 1255 1601 1279 non
1624 1246 1701 1279 sine
1730 1255 1792 1279 ca—

84 1300 168 1344 pitis
189 1300 351 1345 periculo
384 1300 593 1346 transqredi
619 1301 779 1334 auderet.
841 1298 991 1333 Interim
1019 1299 1340 1344 Constantinopolis
1376 1301 1519 1346 capitur
1556 1305 1589 1335 et
1617 1290 1884 1343 crudelis-§.32

87 1357 173 1390 sime
203 1356 404 1402 dirripitur,
435 1358 468 1391 si
494 1367 654 1401 unquam
684 1356 808 1390 civitas
839 1354 1111 1401 dirreptafuit,
1147 1356 1194 1389 ita
1226 1360 1264 1389 ut
1290 1357 1439 1401 yemitus
1469 1367 1531 1390 ca-
1568 1352 1797 1407 flffingfi‘ssffifflgffi

41 1425 74 1449 20
89 1411 231 1446 dentum
260 1417 292 1447 et
320 1411 509 1448 mulierum
548 1413 700 1447 eiulatus
728 1422 746 1446 e
784 1411 917 1446 Veneta
955 1412 1070 1445 classe
1106 1412 1381 1446 exaudirentur.
1442 1413 1486 1447 At
1521 1412 1707 1447 Venetiani
1732 1423 1797 1459 spe

81 1468 270 1514 potiundce
305 1469 405 1503 urbis
445 1470 579 1504 amissa
615 1469 730 1515 spolia
769 1467 869 1502 urbis
908 1471 940 1501 et
974 1468 1144 1513 prcedam
1173 1479 1194 1501 a
1230 1467 1261 1501 T
1262 1469 1359 1502 urcis
1386 1474 1593 1504 coemerunt
1621 1474 1652 1504 et
1674 1471 1797 1515 plenis

87 1525 237 1560 navibus
276 1525 440 1560 Venetias
473 1525 766 1571 remiyraverunt
803 1525 974 1569 reliquias
1013 1525 1158 1569 imperii
1184 1523 1344 1558 Romani
1381 1524 1547 1560 Venetias
1585 1536 1706 1560 secum
1734 1526 1794 1561 de-

80 1585 282 1626 portantes.
344 1581 458 1616 Nolite
489 1583 633 1624 mirari,
675 1581 878 1624 Venetiani,
914 1581 947 1614 si
973 1590 1074 1615 nemo
1106 1580 1200 1615 vobis
1230 1581 1407 1615 auaeilium
1432 1581 1591 1626 prabet,
1620 1583 1704 1627 quia
1736 1593 1795 1617 vos

87 1638 265 1672 auxilium
290 1638 459 1683 prcebere
489 1639 645 1673 voluistis
676 1638 826 1679 nemini,
859 1647 904 1671 ne
933 1638 1064 1671 cii-itali
1087 1637 1228 1684 quidem
1258 1638 1516 1672 sacratissimae
1544 1640 1674 1684 viryini
1690 1640 1800 1673 matri

41 1708 72 1733 25
87 1693 280 1729 dedicatoe:
319 1696 462 1729 nescitis
499 1696 653 1729 omnium
691 1705 814 1729 rerum
853 1693 1127 1728 vicissitiulinem
1166 1703 1262 1736 esse,
1308 1696 1534 1729 remansistis
1568 1706 1649 1729 cum
1687 1696 1797 1730 nullis

87 1751 230 1793 amicis,
264 1754 298 1785 et
329 1761 408 1786 cum
445 1762 567 1797 pauca
599 1753 780 1797 pecunia,
816 1759 962 1784 necesse
993 1754 1045 1784 est
1074 1760 1134 1786 vos
1164 1751 1257 1784 inter
1286 1749 1427 1796 ferales
1454 1752 1642 1797 angustias
1670 1753 1797 1797 perire

84 1807 248 1841 omnibus
276 1808 563 1853 inspectantibus,
595 1809 700 1842 sicuti
724 1807 1061 1851 Constantinopolim
1091 1806 1186 1841 vobis
1214 1807 1493 1852 inspectantibus
1519 1809 1667 1843 interire
1689 1810 1800 1854 passi

83 1861 215 1908 fuistis.
277 1862 367 1906 Quot
397 1868 584 1909 praeterea
619 1874 796 1910 proceres
836 1873 880 1897 ac
918 1864 1075 1898 civitates
1113 1862 1144 1897 T
1142 1863 1298 1906 hracice,
1345 1862 1589 1907 Macedoniae,
1632 1864 1794 1909 Grcecice,
1809 1874 1886 1906 §.35,

87 1918 250 1965 Illyridis
283 1920 371 1965 fidei
407 1920 604 1963 Veneticae,
641 1931 686 1955 ac
711 1921 743 1955 si
769 1920 924 1954 dicerem
951 1920 1118 1964 perfidae
1147 1918 1318 1962 Punicce‚
1353 1929 1392 1954 se
1427 1921 1674 1964 tradiderant,
1709 1933 1797 1968 quos

42 1989 75 2015 80
88 1986 210 2011 omnes
239 1981 300 2011 [cut
320 1978 643 2022 prcecipitaverunt
667 1981 730 2011 aid
755 1976 786 2011 T
786 1977 884 2011 urcis
915 1975 1161 2011 veiulidcrunt.
1221 1975 1428 2010 clamabant
1455 1977 1506 2011 illi
1534 1978 1666 2021 miseri,
1691 1989 1795 2024 quom

90 2031 121 2066 T
119 2033 218 2067 urcis
240 2033 469 2075 dederentur,
502 2032 570 2067 ‘Ah
600 2034 793 2075 Veiietiani,
821 2032 1017 2069 Christiani
1037 2033 1223 2078 sanyuinis
1244 2037 1483 2068 mercatores!
1512 2033 1560 2067 ah
1581 2034 1797 2071 Christianse

85 2089 266 2135 reliyionis
295 2089 496 2124 desertores
525 2094 559 2124 et
579 2090 816 2135 proditores?
846 2093 879 2123 et
905 2100 973 2134 quo
1002 2098 1185 2132 sermone,
1224 2088 1349 2134 quibus
1372 2089 1506 2133 verbis,
1539 2101 1559 2125 o
1591 2087 1794 2130 έυιεγηεοιψηω.

85 2144 357 2192 Iherosolyina’,
389 2157 409 2180 o
434 2147 660 2181 sanctissima
690 2151 803 2189 terra,
835 2155 894 2179 vos
921 2145 1054 2191 deflebo
1064 2148 1080 2179 .'
1107 2145 1196 2180 Nolo
1221 2146 1375 2190 amplius
1402 2146 1489 2180 mihi
1510 2148 1626 2182 credi.-
1659 2159 1718 2183 res
1745 2154 1796 2183 est

86 2203 158 2236 iam
188 2203 379 2237 annalibus
404 2203 662 2237 memoranda:
690 2203 850 2237 credatis
878 2202 1019 2236 Blondo
1049 2201 1216 2236 historico
1246 2202 1290 2236 ab
1315 2202 1475 2237 omnibus
1501 2215 1568 2248 ap-
1600 2200 1793 2254 [22⁰rssffl2fh‘·

42 2271 74 2296 35
84 2257 258 2303 probato:
287 2259 404 2293 Fama
434 2263 515 2293 erat
537 2258 747 2294 Saladinum
771 2259 1025 2304 Aegyptiorum
1053 2268 1172 2304 reyem
1194 2257 1459 2305 Ileerosolynzas
1492 2259 1652 2295 obsidere
1677 2261 1793 2308 (num-
1808 2273 1883 2305 §.36.

85 2325 193 2360 quam
219 2320 345 2350 nostra
375 2316 496 2361 religio
526 2317 647 2350 caruit
675 2316 945 2361 defensoribus,
977 2326 1195 2360 quamquam
1225 2325 1325 2350 nunc
1360 2316 1408 2350 ita
1429 2317 1620 2362 principes
1651 2318 1796 2366 delicati

84 2376 189 2415 sunt,
221 2376 257 2406 ut
285 2373 318 2406 si
342 2372 391 2406 ad
412 2373 537 2407 limites
565 2373 668 2418 reyni
695 2373 752 2407 sui
781 2373 941 2417 qzacmvis
973 2372 1096 2417 eoeiyui
1121 2381 1230 2418 usque
1252 2373 1499 2417 pervenerint,
1531 2374 1793 2419 expeditionem

85 2436 122 2461 se
153 2429 361 2463 orientalem
392 2428 594 2475 confecisse
623 2427 882 2474 arbitrentur-J:
919 2428 968 2463 ad
1002 2428 1098 2463 hanc
1124 2427 1265 2474 famam
1295 2429 1395 2463 multi
1415 2439 1594 2474 proceres
1628 2430 1794 2466 Venetias

174 2559 185 2581 ¹
210 2562 355 2593 Rhodus
381 2573 413 2594 a.
435 2561 530 2595 1497.
548 2573 598 2605 sq.
627 2574 648 2595 a
672 2563 801 2595 Tureis
826 2566 1046 2605 oppugnata,
1076 2573 1156 2595 cum
1182 2563 1309 2605 quibus
1335 2563 1482 2595 ineunte
1509 2563 1572 2595 illo
1600 2575 1695 2596 anno
1721 2565 1793 2597 Ve-

80 2618 158 2648 neti
183 2628 310 2659 pacem
335 2619 504 2650 inierant.
533 2619 580 2651 ef.
600 2618 755 2651 Sabellio.
776 2620 855 2651 dec.
874 2620 934 2652 IV.
952 2619 1015 2652 lib.
1038 2620 1066 2652 1.
1161 2619 1174 2639 ³
1199 2618 1418 2661 religiosor.]
1445 2620 1795 2661 Hierosolymitano-

85 2684 161 2705 rum
202 2675 378 2716 equitum,
419 2678 494 2706 tum
525 2675 642 2707 Rhodi
682 2676 915 2708 dominorum.
1009 2675 1023 2696 4
1048 2677 1194 2709 devenit
1219 2680 1345 2718 postea
1373 2687 1405 2707 a.
1427 2675 1540 2714 1522„
1565 2677 1664 2708 LXX
1683 2677 1794 2709 ferme

86 2740 200 2762 annos
230 2734 312 2773 post
337 2731 686 2774 Constantinopolin.
785 2733 798 2752 ⁷
831 2733 1003 2764 Traoiam
1030 2735 1103 2764 1.2.
1146 2733 1367 2774 Posphorum
1393 2735 1424 2764 2.
1517 2732 1529 2752 ⁹
1565 2736 1672 2774 cepta
1699 2736 1728 2765 1.
1762 2735 1794 2766 d.

85 2785 115 2818 6.
134 2787 217 2829 Apr.
237 2798 269 2819 a.
292 2787 387 2820 1453.
439 2787 713 2831 Constantinus]
749 2789 991 2831 Palaeologus.
1087 2789 1346 2821 clamdestinos
1373 2790 1448 2820 1.2.
1544 2787 1572 2808 ¹⁰
1603 2789 1793 2832 praefecto]

85 2843 219 2875 Iacobo
244 2845 464 2877 Lauretano.
507 2845 595 2876 Rem
620 2845 726 2887 longe
754 2846 861 2878 aliter
886 2857 1036 2877 narrare
1062 2846 1235 2878 Sabellio.
1257 2846 1334 2877 dec.
1354 2846 1420 2876 III.
1440 2845 1502 2877 lib.
1522 2846 1554 2877 7.
1573 2846 1700 2878 mirum
1725 2858 1796 2879 non

88 2903 162 2931 est:
191 2900 354 2933 Gallicus
381 2905 503 2933 orator
529 2904 584 2933 est
601 2901 798 2943 Hebenus,
824 2903 985 2935 Venetus
1011 2903 1322 2945 historiographus
1348 2902 1564 2934 Sabellicus.
1638 2901 1660 2923 ¹¹
1689 2914 1793 2936 cann.

87 2954 118 2987 3.
137 2966 212 2998 sqq.
233 2957 327 2988 Dist.
346 2958 464 2989 XXII.
539 2956 565 2977 ¹⁵³
591 2958 623 2990 d.
644 2958 698 2990 29.
716 2959 803 2990 Mai.
889 2958 917 2979 ²8
942 2961 1085 2991 Traciae
1113 2962 1186 2990 1.2.
1257 2958 1285 2978 ³²
1309 2958 1545 2990 Iherosolime
1573 2962 1645 2991 1.2.
1672 2965 1706 2991 ut
1730 2972 1794 2992 sce-

85 3015 170 3053 ptus.
256 3011 285 3032 3⁴
309 3013 492 3054 hystorico
519 3016 548 3046 1.
575 3015 727 3047 Flavius
752 3015 928 3055 Blondus‚
958 3015 1222 3047 Poroliviensis
1247 3016 1425 3047 Venetus.
1451 3015 1684 3057 pontificibus
1710 3027 1793 3049 con-

86 3068 248 3110 pluribus
276 3069 320 3100 ab
348 3070 528 3113 epistulis,
555 3071 650 3102 iuter
676 3071 767 3103 alios
793 3072 905 3104 libros
932 3073 1078 3113 scripsit
1103 3073 1157 3103 De
1184 3072 1323 3113 origine
1350 3082 1392 3103 ac
1419 3072 1532 3113 gestis
1559 3072 1792 3106 Venetorum.

87 3129 160 3156 nat.
182 3136 214 3156 a.
236 3125 330 3157 1392.
350 3127 372 3166 †
392 3137 424 3160 a.
444 3126 541 3159 1463.

168 3182 339 3215 HvT'rEm
360 3183 448 3216 ΟΡΡ.
468 3194 550 3217 vor..
572 3184 638 3216 ΙΙΙ.
1452 3184 1500 3223 12
