2081 3517
323 198 418 243 406
625 216 786 238 HVTTENI
804 216 841 237 IN
861 214 1013 236 IOANNIS
1032 214 1078 234 DE
1097 212 1242 235 HVTTEN
1262 212 1467 234 INTERITVM
1485 211 1730 234 DEPLORATIO.

591 319 754 356 invisam
786 316 901 354 terris
931 313 1107 353 sobolem
1138 313 1321 362 produxit
1352 318 1389 351 et
1419 314 1475 351 ira

593 384 764 434 Implevit
795 382 938 420 tumida
969 384 1104 430 pectus
1135 384 1369 429 sentosaque
1400 379 1493 418 diris

539 451 655 490 1151113
688 448 932 488 criminibus:
964 451 1003 485 te
1034 446 1087 484 nil
1120 446 1316 485 crudelius
1346 458 1516 497 uuquam

593 517 764 567 Odrysiae
794 526 985 565 peperere
1015 525 1160 557 nurus;
1193 518 1235 551 tu
1267 513 1433 563 pessima
1466 514 1607 563 quinne

593 583 801 633 Progenies
832 581 969 625 Lunae,
1001 586 1042 619 tu
1073 580 1205 619 Terrae
1236 580 1356 625 filius,
1382 581 1485 618 omni

592 651 816 689 Centimauo
849 648 984 693 ferior,
1017 648 1203 699 Typhoeo
1234 649 1441 686 immanior
1473 650 1598 691 omni,

592 717 689 763 Quid
723 717 891 759 faceres,
925 716 989 766 qui
1021 720 1057 754 te
1088 716 1191 753 ferro
1222 716 1396 766 petiisset
1427 720 1463 754 et
1493 728 1598 753 arma

526 800 572 824 101)
594 785 731 823 Ferret
761 784 799 821 in
831 783 989 822 exitium
1020 783 1143 821 iurata
1174 789 1361 833 tuumque
1391 787 1649 832 tuorumque,

592 853 666 890 Aut
696 852 761 901 qui
792 855 921 901 pacta,
954 850 1070 889 fidem
1101 850 1168 888 tibi
1199 849 1367 895 falleret,
1401 855 1466 888 aut
1495 850 1564 888 tibi
1595 852 1727 888 furtim

593 919 622 956 F
626 918 787 957 raudem
818 917 1066 956 intentasset‘?
1098 922 1296 966 pateretur
1328 917 1508 955 acerqus
1538 917 1640 956 hosti

594 985 666 1029 Qui
697 991 733 1023 te
765 985 987 1029 obiecisset,
1019 996 1089 1035 per
1120 996 1234 1034 quem
1267 989 1307 1023 tu
1337 984 1513 1034 proditus
1544 985 1671 1023 esses‘!

594 1055 786 1092 Innocuos
817 1053 913 1091 adeo
945 1065 1075 1091 mores
1106 1058 1143 1091 et
1173 1052 1309 1091 fraude
1341 1057 1539 1090 carentem

528 1136 575 1161 105)
597 1121 771 1160 invasisti
802 1121 995 1163 animum,
1029 1121 1093 1170 qui
1125 1132 1213 1159 cum
1242 1119 1311 1158 tibi
1343 1124 1481 1157 cuncta
1514 1119 1701 1163 dedisset,

598 1190 672 1228 Pro
704 1194 740 1227 te
772 1193 911 1227 cuneta
944 1187 1049 1233 tulit,
1081 1188 1149 1226 sed
1180 1199 1252 1226 nee
1283 1188 1402 1226 decor
1435 1186 1500 1225 ille
1531 1187 1715 1231 iuventw,

595 1257 685 1294 llzec
717 1256 834 1294 movit
863 1257 1023 1305 speeies.
1058 1254 1173 1293 Dabis
1203 1255 1296 1299 hoe,
1330 1254 1557 1299 Germania,
1590 1267 1734 1304 corpus

598 1323 801 1362 l‘ulchrius
832 1334 1004 1373 unquam
1036 1322 1213 1373 aliquod,
1246 1326 1312 1360 aut
1343 1334 1416 1372 qua
1449 1323 1678 1371 compagine
1710 1323 1838 1360 vinces

598 1390 863 1430 Membrorum
895 1390 966 1428 1105
997 1389 1172 1434 habitus,
1205 1394 1271 1428 aut
1301 1401 1342 1427 se
1373 1390 1587 1439 speciosior
1618 1390 1689 1428 ista

532 1474 577 1498 uu
599 1459 785 1497 Ostendet
816 1458 929 1496 terris
961 1458 1101 1496 facies?
1132 1456 1240 1495 dabis
1271 1457 1309 1494 in
1341 1455 1493 1495 meliori

598 1528 770 1575 Corpore
802 1525 968 1563 maiores
999 1525 1147 1562 animos
1178 1524 1365 1573 factisque
1396 1524 1573 1573 fideque?

601 1594 704 1639 Quas
735 1604 887 1643 pugnas
918 1596 1100 1640 gesturus
1132 1596 1231 1635 erat,
1266 1603 1351 1641 qua}
1381 1589 1483 1630 bella
1513 1590 1693 1640 parabat,

599 1661 722 1706 Quam
754 1660 895 1709 patrias
926 1659 1095 1697 auxisset
1125 1659 1240 1709 opes!
1273 1658 1343 1696 fuit
1374 1657 1501 1696 indole
1533 1657 1579 1695 ab
1611 1657 1673 1695 illa

600 1729 697 1778 Spes
728 1728 863 1777 patrive
893 1726 1069 1775 livorque
1099 1726 1213 1764 hosti.
1249 1725 1360 1772 Quod
1392 1737 1479 1763 cum
1511 1725 1575 1763 ille
1607 1726 1752 1764 videret

535 1810 580 1834 115,
603 1794 716 1832 Flore
749 1795 880 1842 vigens
911 1794 1037 1843 primo
1069 1805 1279 1843 secumque
1311 1794 1498 1831 immensa
1530 1798 1705 1842 pararet,

600 1862 677 1900 Abs
710 1866 745 1899 te
777 1861 926 1899 orditus
958 1873 1055 1911 opus
1087 1865 1201 1911 teque
1234 1864 1291 1898 est
1321 1871 1533 1898 conversus
1563 1860 1602 1897 in
1634 1872 1755 1898 111111111

600 1930 723 1975 Quem
754 1928 825 1966 sibi
857 1928 1073 1973 demereat,
1107 1927 1177 1966 51111
1210 1940 1285 1978 quo
1317 1928 1497 1977 primaeva
1529 1927 1723 1977 relinquat

603 1997 760 2034 Virtutis
791 1999 1041 2034 monumenta
1073 2008 1174 2034 suffe:
1208 2007 1340 2034 eomes
1371 1994 1433 2033 ille
1466 1999 1644 2039 tuorum,

603 2064 668 2102 1110
700 2075 863 2114 operum
896 2064 1044 2107 socius,
1077 2075 1204 2113 neque
1234 2068 1276 2101 tu
1307 2074 1529 2113 quenquam
1561 2067 1649 2100 ante
1681 2062 1854 2106 locabaS,

535 2132 902 2181 121⁷›Spectatamque
933 2131 1047 2169 fldem
1080 2136 1117 2169 et
1148 2131 1340 2174 studium,
1373 2129 1582 2174 scelerate,
1614 2130 1798 2180 probasti.

602 2199 649 2237 Et
680 2200 755 2237 iam
787 2210 827 2237 se
858 2199 918 2236 his
949 2198 1135 2247 gradihus
1166 2203 1305 2237 cuneta
1337 2197 1383 2236 ad
1416 2198 1561 2235 maiora
1594 2197 1761 2241 serebat,

601 2266 695 2305 Cum
727 2271 767 2304 tu
798 2266 867 2305 has
899 2265 1089 2305 objiceres
1120 2266 1240 2304 furias
1272 2277 1466 2315 cursuque
1496 2264 1690 2303 honorum

332 2412 415 2433 num
441 2402 478 2432 in
504 2402 659 2433 furorem
692 2404 728 2432 et
760 2401 901 2432 atrocia
927 2399 1095 2431 facinora
1121 2399 1312 2441 inpellens.
1389 2399 1417 2419 9⁴
1442 2403 1478 2425 sq.
1499 2403 1647 2431 sentosa
1672 2398 1750 2441 ilia]
1780 2400 1944 2432 horridus
1969 2403 2045 2432 ani—

330 2469 418 2490 mus.
504 2457 532 2476 96
557 2457 723 2497 Odrysiae
751 2456 787 2496 (i.
808 2467 838 2488 e.
859 2456 1010 2487 Thracii
1036 2456 1132 2498 regis
1159 2455 1289 2495 Terei)
1324 2466 1464 2496 uxores,
1491 2455 1697 2488 Philomela
1723 2459 1759 2487 et
1784 2456 1925 2488 Procne
1950 2458 2045 2498 Itym

333 2515 444 2545 filium
469 2515 566 2556 patri
593 2512 812 2555 epulandum
839 2512 1041 2554 adposuere
1068 2511 1191 2552 („Flet
1208 2511 1412 2543 Philomela
1438 2513 1544 2544 nefas
1571 2513 1703 2544 incesti
1728 2512 1876 2551 Tereos,
1905 2516 1941 2544 et
1966 2524 2044 2555 quae

333 2572 434 2602 Muta.
459 2570 582 2612 puella
610 2569 697 2608 fuit,
725 2568 874 2610 garrula
900 2569 1015 2599 fertur
1041 2568 1157 2599 avis''.
1184 2567 1337 2599 Martial.
1358 2569 1452 2600 XIV.
1472 2570 1525 2600 75.
1551 2570 1684 2609 „Quas
1709 2568 1763 2599 illi
1791 2567 1935 2611 [Tereo]
1961 2570 2044 2601 Phi-

333 2626 466 2658 lomela
493 2627 624 2667 dapes,
660 2635 738 2666 quae
764 2624 859 2655 dona
884 2624 1057 2666 para1·it”.
1085 2625 1211 2665 Veryz'l.
1233 2625 1300 2656 eel.
1321 2625 1381 2656 VI.
1402 2625 1471 2665 79.)
1499 2625 1554 2656 Cf.
1575 2624 1711 2665 dialog.
1729 2624 1921 2657 Phlarism.
1940 2626 1969 2664 ξ.
1988 2625 2043 2657 29.

332 2683 415 2715 vide
442 2684 568 2724 Hyyz‘n.
596 2682 669 2713 fab.
689 2681 743 2712 45.
772 2681 819 2712 ef.
845 2680 942 2711 infra
966 2691 1022 2712 vv.
1042 2680 1118 2712 2-14.
1137 2691 1213 2722 sqq.
1241 2684 1277 2712 et
1302 2681 1518 2713 Phalarism.
1545 2681 1566 2712 l.
1588 2692 1618 2712 e.
1690 2680 1774 2706 ³⁶-S‘1-
1797 2681 1911 2721 quint.
1937 2682 2045 2723 Prog.

333 2738 462 2780 Lunze]
489 2740 510 2770 z'.
529 2749 561 2770 e.
580 2739 764 2778 infeliciter
789 2740 870 2768 nali.
899 2736 955 2770 Cf.
980 2737 1081 2778 Vergs.
1112 2738 1242 2779 Georg.
1262 2738 1291 2768 Ι.
1310 2738 1385 2768 277.
1406 2739 1549 2769 Hesiod.
1570 2737 1663 2779 Opp.
1683 2736 1759 2768 802.
1786 2737 1846 2768 lca
1871 2739 1890 2769 ἱ.
1906 2738 1934 2778 f.
1952 2741 2045 2778 prin-

333 2797 417 2836 cipis
435 2796 514 2826 edit.
533 2794 624 2836 Em).
646 2794 682 2826 0.
707 2795 748 2825 V.
768 2797 829 2826 vol.
850 2797 888 2825 II.
908 2798 978 2825 est:
996 2789 1160 2833 ‚gQuinta
1177 2793 1263 2825 luna
1282 2794 1466 2826 Obscuros
1483 2794 1580 2826 viros
1599 2793 1748 2825 edidit''.
1775 2794 1898 2824 Etiam
1917 2793 2046 2832 Quarta

334 2854 410 2882 Inna
435 2856 540 2887 natus,
567 2845 718 2891 τετράδι
743 2847 902 2892 γέγονας
928 2850 1120 2882 dicebatur
1146 2850 1248 2881 euius
1273 2850 1358 2881 vitae
1384 2850 1568 2892 principia
1585 2849 1681 2881 male
1700 2849 1892 2891 auspicata
1911 2853 2042 2882 essent.

338 2908 460 2939 Zenob.
479 2907 539 2938 VI.
559 2907 590 2937 7.
610 2908 766 2948 Apostol.
786 2907 882 2938 XVI.
901 2906 956 2939 34.
977 2907 1118 2948 Cognati
1143 2906 1221 2947 syll.
1241 2917 1274 2937 v.
1295 2899 1335 2938 ἕν
1361 2901 1512 2947 τετράδι
1537 2904 1762 2948 γενηθῆναι.
1827 2906 1950 2937 Terrae
1976 2905 2041 2948 fit]

336 2963 392 2994 Cf.
410 2962 480 2994 vol.
499 2963 584 2994 1111.
604 2973 637 3004 p.
656 2963 733 2994 271.
754 2964 783 3002 ξ.
802 2962 833 2995 3.
927 2962 956 2982 ⁰⁴³
983 2961 1210 3003 Ceut-imane]
1238 2963 1413 3003 AEgaeone
1447 2966 1482 2994 et
1506 2963 1669 2993 Briareo.
1698 2962 1802 2995 Iliad.
1822 2963 1850 2993 I.
1869 2961 1946 2993 402.
1966 2972 2043 3003 sqq.

342 3019 442 3058 Very.
462 3019 543 3050 AEn.
564 3019 606 3049 X.
625 3018 701 3051 565.
721 3030 798 3060 sqq.
869 3018 1029 3060 Typhoeo
1048 3020 1077 3049 1.
1099 3021 1130 3049 2.
1156 3018 1317 3060 Typhaeo
1337 3021 1370 3050 3.
1420 3019 1567 3051 Tartari
1591 3020 1784 3060 Terraeque
1810 3017 1905 3049 filius
1932 3019 2043 3050 centi-

339 3084 435 3116 eeps.
456 3075 504 3106 ef.
526 3086 556 3107 e.
577 3086 628 3116 gr.
655 3076 782 3115 Hygyz'n.
803 3075 878 3106 fab.
901 3075 975 3106 152.
1048 3073 1088 3094 ¹¹⁹
1116 3085 1328 3117 quemquam
1356 3076 1389 3106 3.
