2081 3517
366 223 528 245 HVTTENI
546 223 594 244 AD
612 221 786 244 CAESAREM
804 219 1082 242 MAXIMILIANVM
1099 217 1389 240 EPIGRAMMATVM
1407 217 1528 238 LIBER.
1695 196 1790 242 253

367 325 408 363 In
441 325 567 363 clades
597 325 750 375 Europa
782 336 888 366 suas:
920 321 1137 372 respublica
1168 320 1330 364 Christi,

367 393 451 430 Heu
482 393 639 430 nimium
672 403 807 430 secura
838 391 914 435 sui,
946 390 1022 428 ruit
1051 391 1090 427 in
1121 401 1187 427 sua
1218 399 1391 438 prfeceps

333 472 347 495 5
369 459 542 503 Viscera,
577 458 844 508 crudeleisque
876 458 949 495 ciet
978 456 1195 496 miseranda
1227 454 1431 494 tumultus:

368 526 500 564 Omnis
530 527 567 564 in
599 525 744 563 Italiam
777 525 898 563 tendit
928 524 1056 568 suror;
1088 525 1169 574 ipse
1200 523 1366 561 minatur

371 593 601 630 Horriticam
634 592 739 629 Latio
771 596 939 641 stragem
972 592 1182 636 Saturnus,
1215 596 1252 629 et
1282 594 1364 628 atro

370 660 565 709 increpuit
594 659 756 697 Martem
787 659 949 702 intuitu;
981 658 1083 697 Mars
1114 670 1219 697 arma
1250 669 1462 707 necesque,

370 727 632 775 Sanguineum
663 725 819 763 molitur
850 738 968 776 opus:
1000 738 1098 764 saeva
1130 726 1257 764 onmia
1287 729 1474 773 regnant·

322 807 352 831 10
373 794 568 832 Concessit
599 793 646 831 de
676 793 759 831 iure
791 805 859 831 suo
892 793 1141 843 graditurque
1173 797 1385 830 retrorsum

370 861 533 910 Iupiter,
567 865 603 899 et
632 865 754 897 totum
786 860 850 898 dat
879 860 1027 898 acerbis
1060 859 1230 898 cladibus
1260 872 1421 901 annum;

369 928 487 978 quue
519 927 614 965 adeo
646 932 821 966 metuens
852 932 888 965 et
918 940 994 965 11011
1026 929 1158 976 ignara
1192 928 1308 966 futuri

370 995 433 1033 Bis
464 995 558 1045 petit
589 994 797 1033 obscurum
830 1000 866 1033 et
896 995 1025 1033 condit
1054 1008 1094 1033 se
1126 995 1231 1033 Luna
1263 994 1452 1038 teneln·is;

372 1063 456 1113 lpse
488 1075 641 1112 quoque
672 1062 836 1101 obducta
867 1062 983 1112 pallet
1012 1063 1207 1112 ferrugine
1238 1062 1368 1101 frater.

323 1144 352 1168 15
373 1129 446 1167 Tot
477 1130 594 1178 signis
625 1142 813 1168 monuere
845 1130 925 1168 dei:
957 1131 1231 1180 praesensimus
1263 1139 1454 1174 omnes,-

371 1196 475 1235 Cavit
504 1209 618 1235 nemo
649 1196 812 1241 malum;
845 1197 911 1235 sed
941 1209 1014 1235 nec
1044 1198 1213 1247 potuisse
1244 1197 1457 1247 putandum
1490 1203 1564 1235 est:

372 1265 535 1302 Antores
567 1264 617 1302 dii
649 1264 767 1302 cladis
798 1270 834 1302 et
865 1263 1080 1303 accusabile
1112 1264 1245 1302 satum.

372 1331 473 1370 Ecce
504 1344 596 1381 ergo
628 1333 753 1370 aerias
784 1333 863 1370 ruit
892 1331 965 1370 hac
997 1344 1016 1370 a
1048 1336 1158 1382 parte
1190 1343 1260 1381 per
1290 1331 1419 1382 Alpeis

372 1398 550 1437 Ell'usura
582 1400 731 1437 omneis
761 1401 902 1438 iterum
934 1399 1140 1437 Germania
1171 1400 1292 1443 vires,

321 1481 353 1505 20
374 1466 550 1505 Substitit
579 1467 700 1504 iratus
730 1466 891 1505 Verona}
922 1466 966 1504 ad
999 1467 1137 1504 moenia
1170 1465 1295 1503 Caesar

373 1533 415 1571 In
447 1534 571 1572 Latias
602 1534 821 1584 speculatus
853 1546 965 1584 opes,
998 1535 1191 1583 traxitque
1222 1534 1373 1571 seroces

377 1602 601 1640 Rhaetorum
634 1601 798 1652 populos
829 1607 866 1639 et
896 1606 1077 1651 amantes
1098 1600 1197 1639 bella
1231 1601 1376 1639 Suevos

376 1669 692 1719 Francmunupie
725 1670 896 1719 equitum
927 1681 1125 1720 nunquam
1158 1668 1412 1720 expugnabile
1443 1669 1563 1707 robur

108 1805 115 1825 ¹
144 1807 362 1837 Franciscus
387 1805 415 1835 Ι.
442 1804 618 1835 Ludovici
643 1805 723 1835 XII.
752 1815 863 1846 gener
887 1815 1162 1845 successorque,
1196 1805 1253 1835 eui
1287 1805 1452 1846 pontifex
1477 1805 1553 1836 Leo
1578 1805 1620 1837 X.
1648 1805 1807 1845 favebat,

110 1873 187 1893 cuni
213 1862 365 1893 Venetis
399 1861 537 1892 foedera,
569 1862 759 1893 renovavit
793 1861 839 1901 (d.
859 1861 912 1893 27.
932 1861 998 1893 Iul.
1019 1872 1051 1892 a.
1074 1861 1184 1901 1515.)
1212 1861 1482 1903 exercitumque
1512 1861 1607 1892 ultra
1639 1862 1812 1903 quinqua-

110 1920 214 1960 ginta
247 1918 385 1948 milium
417 1928 488 1948 non
523 1917 636 1948 solum
669 1928 711 1948 ex
743 1918 897 1949 diversis
925 1917 1124 1949 Galliarum
1155 1917 1319 1958 partibus
1351 1919 1414 1950 scd
1442 1918 1668 1950 Germanicis
1701 1919 1811 1949 etiam

110 1975 382 2015 Helveticisque
409 1974 645 2005 mercenariis
672 1974 865 2005 conflatum
892 1975 927 2004 in
953 1973 1099 2005 Italiam
1125 1973 1241 2012 duxit,
1269 1974 1516 2015 Insubriaeque
1545 1975 1715 2006 civitates
1742 1975 1810 2005 fre-

110 2032 173 2072 git.
202 2041 293 2072 pace
330 2041 408 2061 cum
434 2029 616 2061 Helvetiis
648 2031 721 2061 iam
754 2031 941 2072 conposita
975 2030 1037 2061 alii
1063 2029 1242 2063 Helvetii,
1277 2031 1505 2072 conpellente
1540 2031 1724 2062 cardinale
1751 2030 1811 2061 Se>
1847 2068 1850 2073 Ι

109 2087 259 2118 dunensi
286 2087 442 2117 Matthia
469 2086 683 2126 schinum-0,
717 2087 753 2117 in
782 2087 967 2118 Gallorum
995 2090 1117 2117 castra
1150 2086 1243 2127 apud
1269 2087 1512 2118 Marini-anum
1545 2087 1719 2118 invadunt
1750 2098 1810 2128 pu-

111 2153 273 2184 gnaque,
308 2153 413 2184 quain
439 2143 638 2173 Trivultius
671 2143 881 2184 giganteam
916 2142 1129 2184 adpellabat
1163 2146 1198 2173 et
1230 2147 1309 2184 post
1341 2154 1446 2184 quam
1472 2143 1658 2183 Bayardus
1692 2154 1811 2185 regem

110 2200 345 2231 Franciscum
372 2200 408 2229 in
436 2200 595 2240 equitum
622 2200 781 2231 ordinem
807 2199 1056 2240 sollempniter
1081 2200 1238 2240 recepit,
1271 2200 1360 2231 victi
1387 2203 1468 2230 sunt
1500 2199 1548 2240 (d.
1570 2199 1619 2231 13.
1642 2199 1692 2230 14.
1712 2201 1809 2241 Sept.

112 2266 143 2286 a.
167 2256 291 2296 1515.).
318 2256 521 2287 Caesariani
554 2256 637 2287 inde
671 2257 786 2298 inagis
818 2257 1005 2298 magisque
1039 2267 1081 2287 ex
1113 2255 1224 2286 Italia
1262 2256 1538 2296 premebantur,
1578 2260 1615 2286 ut
1653 2267 1721 2287 11011
1760 2256 1813 2287 ita

110 2312 218 2354 longe
244 2315 324 2353 post
349 2322 453 2343 unam
480 2313 659 2344 Veronam
687 2313 911 2354 0111111010111,
940 2312 1068 2343 relicto
1094 2311 1312 2342 Mediolano.
1408 2312 1484 2351 Que
1512 2314 1542 2342 4.
1613 2312 1626 2331 2
1652 2313 1813 2353 luppiter

112 2371 183 2402 6,7.
203 2374 235 2399 et
259 2370 307 2399 sic
332 2369 434 2406 infra.
514 2368 526 2387 5
552 2368 786 2410 crudelesque
814 2371 845 2400 δ’.
918 2368 944 2387 ¹3
970 2369 1048 2399 [luae
1074 2369 1165 2399 lunae
1191 2368 1348 2409 eclipses
1374 2368 1581 2399 inciderunt
1606 2369 1733 2400 diebus
1762 2368 1811 2399 19.

113 2426 189 2456 Ian.
209 2429 245 2455 et
273 2424 322 2455 13.
343 2425 408 2456 Iul.
430 2436 460 2456 a.
482 2425 579 2456 1516.
601 2426 663 2456 sed
689 2425 768 2456 duae
795 2426 904 2456 etiam
932 2425 1018 2456 solis
1046 2424 1202 2466 eclipses
1229 2424 1323 2455 dieb.
1343 2425 1376 2455 4.
1396 2425 1472 2455 Ian.
1494 2428 1529 2455 et
1553 2424 1607 2456 23.
1627 2426 1716 2456 Dee.
1738 2425 1813 2456 eius

115 2482 211 2512 anni.
308 2479 334 2500 ¹⁴
361 2480 416 2512 Cf.
439 2482 550 2523 epigr.
570 2480 625 2513 96.
664 2499 705 2502 —
744 2482 797 2512 Ad
831 2481 917 2513 solis
950 2481 1194 2513 defectionem
1229 2492 1259 2512 a.
1285 2480 1377 2512 1519.
1405 2481 1565 2522 pertinet
1598 2481 1814 2511 ‘Hermanni

114 2537 287 2568 Nuenarii
315 2536 469 2569 Comitis
496 2538 629 2578 Inclyti
656 2539 898 2580 epigramma,
934 2539 970 2569 in
1003 2538 1245 2569 defectionem
1278 2537 1360 2568 folis
1392 2535 1495 2579 [.s·z'e]‚
1530 2540 1565 2568 et
1599 2536 1813 2568 electionem

116 2593 237 2625 Caroli
265 2594 362 2635 regis
388 2594 639 2626 Romanorum.

384 2650 540 2681 Delituit
565 2661 678 2692 nuper
704 2651 785 2682 coeli
812 2651 877 2683 sub
904 2652 1043 2683 vertice
1070 2651 1246 2689 Phoebus,

497 2706 736 2748 Occuluitque
764 2718 863 2739 suum
888 2707 1027 2739 Daelius
1054 2708 1130 2749 ipse
1159 2708 1272 2738 iubar.

383 2763 541 2794 Emersit
566 2763 683 2795 subito
709 2764 869 2796 divinum
896 2764 1052 2795 Caesaris
1078 2767 1229 2803 astrum,

497 2819 644 2860 Cunque
670 2831 762 2852 novo
788 2821 895 2852 rediit
921 2821 1065 2852 Caesare
1091 2819 1249 2850 Phoebus
1275 2830 1399 2850 ovans.

384 2876 480 2917 Ergo
507 2876 574 2907 hoc
600 2877 670 2906 iam
698 2880 856 2917 constat,
885 2888 952 2918 quo
978 2880 1086 2918 paeto
1113 2879 1240 2917 regnet
1264 2878 1429 2916 uterque,

475 2932 632 2963 Phoebus
660 2933 754 2974 apud
779 2943 945 2975 superos,
976 2934 1099 2964 Caesar
1124 2933 1160 2962 111
1186 2933 1271 2963 orbe
1298 2933 1415 2973 regit?

119 2987 252 3031 legitur
268 3000 301 3030 p.
317 2988 350 3020 2.
369 2988 485 3020 libelli
505 2989 669 3029 inscripti
688 2989 830 3021 VIVAT
853 2989 857 3030 Ι
879 2990 974 3021 REX
997 2989 1001 3030 1
1024 2988 1262 3031 ΟΛΗΟΙΙΛἯ.
1287 2985 1291 3029 Ι
1365 2986 1490 3029 pallet]
1522 2988 1679 3029 squallet
1698 2990 1730 3020 3.
1744 2990 1775 3019 4.
1791 2990 1817 3021 δ’.

121 3045 148 3065 ¹⁷
166 3045 267 3087 alpes
293 3048 323 3076 6.
336 3049 365 3076 7.
391 3046 502 3087 Alpes
522 3047 551 3076 8.
618 3044 643 3064 ¹⁹
670 3056 791 3077 omnes
809 3048 840 3077 8.
904 3045 933 3065 ²²
958 3046 1164 3076 Rhoetorum
1191 3046 1267 3075 edd.
1283 3049 1415 3085 prafer-
1432 3046 1463 3076 5².
1536 3045 1713 3076 ειη-(1111013
1742 3047 1816 3076 3.4.

120 3100 148 3120 ²²
175 3102 408 3143 exuperabile
436 3104 511 3133 3²4.
540 3111 660 3142 exsup.
684 3104 712 3132 ξ’.
