2081 3517
128 231 283 252 HELIANI
302 231 346 252 DE
366 231 483 252 BELLO
502 231 599 252 SVSC.
616 231 700 252 ADV.
717 230 848 252 VENET.
866 230 909 250 ET
929 229 1066 251 TVRCAS
1087 228 1220 250 ORATIO
1240 228 1410 249 MAXIMIL.
1428 227 1513 250 AVG.
1530 228 1652 249 DICTA.
1685 208 1776 252 173

78 344 150 380 per
180 335 387 377 latrocinia,
413 342 485 378 per
514 333 631 367 ccedes
660 337 693 367 et
723 342 870 374 venena,
896 342 970 377 per
997 332 1254 378 nefandissima
1283 333 1423 366 scelera
1449 331 1779 377 pulcherrimarum

83 400 207 425 rerum
232 391 367 425 domini
390 388 485 434 sacti
510 398 548 423 se
576 388 832 424 continebunt?
862 388 964 423 Certe
989 389 1088 423 nullo
1115 388 1235 429 modo;
1264 388 1329 423 sed
1356 390 1389 422 si
1415 398 1475 422 eos
1500 389 1549 421 ita
1579 389 1780 423 exacerba-

83 451 136 482 tos
166 436 388 488 dimiseritis,
427 446 460 479 si
486 446 678 490 paululum
715 454 754 479 se
785 445 991 489 colleqerint
1020 455 1064 479 ac
1092 454 1179 479 suas
1207 446 1301 480 vires
1331 445 1656 488 reassumpserint,
1689 456 1780 490 pro-

82 503 307 548 qredientur,
343 505 560 543 excurrerit,
599 502 735 546 lonyius
763 501 975 546 efferentur.
1036 500 1132 536 Satis
1154 501 1264 536 multa
1293 501 1401 537 verba
1426 500 1561 546 fecisse
1589 501 1711 535 videor
1741 501 1784 535 de

57 568 151 604 5spe
191 558 404 594 Venetorum
415 571 427 591 .·
456 567 554 592 nunc
583 557 626 591 de
655 567 778 592 eorum
807 557 998 602 tyrannide
1025 557 1191 603 quoedam
1219 563 1304 593 sunt
1328 557 1492 592 dicenda.

460 666 519 704 De
548 666 759 714 tyrannide
795 666 1036 704 Venetorum.
1090 667 1192 705 Pars
1219 668 1406 706 secunda.

194 757 313 801 Mare,
333 758 428 804 quod
445 758 606 793 omnibus
622 757 784 804 qentibus
803 767 987 793 commune
1005 767 1082 793 esse
1102 758 1211 801 debet,
1233 763 1297 794 aut
1311 760 1344 794 si
1361 760 1398 794 in
1418 754 1570 794 alieuius
1589 759 1646 793 bo·
1673 756 1678 811 Ι
1702 768 1777 791 Mare.
1794 769 1820 799 ς,
1835 770 1875 798 17.

84 816 141 849 nis
157 819 217 857 est,
240 820 367 849 vestroe
383 814 562 850 Ccesareoe
577 813 775 848 Maiestatis
796 824 873 848 esse
893 815 1002 858 debet,
1024 824 1129 849 suum
1149 825 1225 849 esse
1244 816 1377 859 dicunt,
1400 819 1434 850 et
1451 816 1523 850 sive
1546 811 1652 866 ἰξξζζζξ
1664 812 1783 867 ζᾴζῖιξζῇξξς,

58 867 61 870 ⁴
84 872 207 905 mariti
228 870 384 905 Thetidis
401 871 472 905 sint
494 872 566 906 sive
594 880 731 905 uxores
753 869 928 916 Neptuni,
958 871 1106 917 sinqulis
1135 872 1242 905 annis
1262 872 1350 906 illud
1376 871 1573 917 desponsa·
1608 868 1611 921 Ι
1631 867 1787 894 ΒΕῬΟΜΜ

1630 902 1706 918 mare.

45 932 74 957 ιο
90 936 171 962 vere
199 927 333 961 annulo
363 928 502 965 iniecto.
562 927 820 972 Arroqantiam
857 927 1055 961 inauditam
1091 928 1261 962 elementa
1296 928 1449 973 despon-
1512 923 1787 974 ᾗζῗϋῂξξᾶξζξαθὲἳζξζ

83 988 189 1018 sare!
228 983 393 1028 Leqimus
423 982 552 1029 Tyrios
585 987 617 1017 et
648 982 971 1029 Carthaqinenses,
1006 983 1167 1018 Rhodios
1197 988 1230 1018 et
1257 984 1450 1018 Athenien·
1512 981 1786 1030 gssssjsszmffimam·

83 1049 159 1083 ses,
186 1039 371 1074 Romanos
395 1044 429 1073 et
454 1044 579 1074 nostra
607 1043 813 1084 tempestate
835 1039 1051 1083 Genuenses,
1083 1043 1156 1074 tum
1176 1039 1341 1074 Xerxem
1370 1041 1490 1084 illum,
1518 1042 1553 1075 in
1579 1042 1688 1076 rebus
1709 1052 1783 1075 ma-

86 1096 212 1130 ritimis
241 1096 579 1139 exercitatissimos,
611 1097 851 1141 peritissimos
888 1106 933 1130 ac
963 1098 1226 1141 potentissimos
1259 1095 1400 1141 fuisse:
1436 1107 1537 1132 nemo
1569 1103 1685 1132 tamen
1713 1102 1784 1132 tam

86 1152 170 1186 levis
203 1151 352 1186 Grcecus
382 1156 445 1186 aut
473 1156 544 1187 tam
570 1153 784 1186 temerarius
813 1152 993 1187 barbarus
1024 1154 1186 1187 inventus
1222 1157 1272 1186 est
1309 1154 1372 1198 qui
1403 1163 1507 1188 mare
1536 1154 1784 1199 desponsaret.

44 1216 73 1239 15
86 1211 119 1242 et
151 1211 246 1242 reete
270 1208 430 1253 quidem.-
467 1220 551 1243 nam
589 1218 639 1242 ex
676 1208 742 1243 boc
772 1210 997 1243 matrimonio
1026 1210 1104 1242 nati
1129 1213 1212 1243 sunt
1251 1208 1391 1244 Venetis
1422 1210 1522 1244 liberi
1551 1210 1595 1244 ab
1624 1211 1784 1245 avidissi-

86 1265 152 1298 mis
181 1267 214 1298 et
242 1264 497 1298 crudelissimis
519 1265 734 1310 parentibus
760 1275 830 1299 non
861 1264 1131 1310 deqenerantes,
1163 1265 1390 1300 insaciabiles
1419 1266 1581 1309 balcenoe,
1612 1268 1785 1301 immanes

87 1320 358 1366 Loestryqones,
387 1320 532 1366 infandi
560 1320 732 1366 Cyclopes
761 1325 794 1354 et
815 1320 1042 1366 Polyphemi,
1073 1322 1135 1366 qui
1162 1323 1209 1355 ita
1240 1331 1342 1355 mare
1372 1321 1530 1356 obsident
1558 1326 1663 1368 alque
1691 1321 1784 1368 infe-

85 1380 202 1420 stant,
244 1380 283 1410 ut
316 1378 415 1411 nulla
451 1382 611 1411 monstra
648 1378 779 1419 maris,
816 1377 908 1410 nulli
936 1377 1079 1422 scopuli
1109 1382 1170 1411 aut
1199 1382 1440 1422 tempestales,
1480 1379 1568 1413 nulli
1588 1379 1787 1423 praedones

88 1437 150 1467 aut
171 1434 307 1478 piratae
332 1433 585 1468 vehementius.
646 1432 732 1467 bene
761 1433 878 1467 sciunt
913 1432 981 1467 lzoc
1013 1432 1212 1478 Rliaquscei
1246 1435 1310 1479 qui
1342 1436 1377 1467 in
1415 1434 1579 1468 limitibus
1624 1441 1788 1483 lsshayusoei·

45 1497 78 1522 20
96 1489 302 1524 Turcarum
329 1491 594 1524 aristocratiam
622 1493 740 1523 tenent
767 1490 1056 1531 munitissimam,
1090 1499 1180 1534 quos
1209 1490 1375 1524 vexando
1404 1495 1437 1524 et
1463 1490 1637 1525 classibus
1664 1492 1788 1536 oppri-

87 1546 211 1580 mendo
254 1545 304 1579 ad
345 1550 479 1580 tantam
512 1547 668 1591 inopiam
706 1549 811 1592 atque
842 1545 1127 1590 desperationem
1167 1546 1421 1589 culduxerunt,
1464 1551 1502 1581 ut
1537 1547 1586 1580 ad
1622 1546 1653 1580 T
1652 1547 1788 1581 urebas

88 1601 287 1648 confuqere
312 1607 345 1637 et
371 1603 439 1637 illis
467 1603 632 1637 tributum
655 1602 820 1648 pendere
849 1603 1038 1647 coeqei-int.
1099 1602 1179 1637 Duo
1205 1603 1323 1637 littora
1352 1603 1531 1638 Adriatici
1557 1604 1681 1645 maris,
1710 1603 1878 1638 Ita-§.18-

89 1659 194 1693 licum
225 1663 257 1693 et
285 1658 493 1705 Illyricum,
524 1660 572 1692 ita
599 1660 692 1694 inter
727 1668 766 1693 se
794 1667 979 1701 connexa,
1019 1663 1057 1693 ut
1081 1660 1232 1693 alterum
1258 1658 1391 1705 absque
1428 1660 1540 1694 altero
1579 1660 1641 1695 vix
1675 1660 1791 1694 vivere

81 1716 218 1761 possit,
261 1724 373 1760 usque
409 1716 499 1750 adeo
535 1716 794 1757 disiunxerunt
830 1715 904 1748 suis
937 1715 1233 1759 pestilentissimis
1270 1715 1392 1749 edictis
1426 1720 1459 1750 et
1483 1717 1637 1761 piratis,
1682 1720 1719 1750 ut
1755 1717 1790 1750 in

45 1781 78 1805 25
94 1770 270 1817 Syrtibus,
297 1772 331 1819 in
349 1770 447 1816 freto
468 1772 587 1807 Siculo
613 1776 676 1806 aut
700 1773 734 1806 in
760 1772 923 1805 maxima
953 1775 1156 1816 tempestate
1179 1773 1392 1818 quicumque
1417 1772 1640 1818 deprehendi
1656 1773 1791 1807 malue-

90 1828 162 1862 rint
190 1838 299 1873 quam
328 1828 551 1863 Adriaticum
577 1830 760 1874 navigare,
792 1827 878 1861 Itali
905 1829 940 1861 in
968 1827 1128 1862 libertate
1149 1833 1181 1862 et
1210 1829 1260 1862 ad
1284 1838 1386 1863 mare
1411 1831 1488 1863 nati
1506 1839 1608 1862 mare
1625 1834 1792 1874 spectare

84 1884 217 1929 potius,
246 1895 353 1929 quam
385 1886 435 1923 uti
460 1884 540 1930 frui
567 1886 812 1930 naviqareque
834 1884 996 1929 possint:
1027 1888 1112 1929 quot
1136 1894 1245 1919 naves
1269 1886 1321 1919 illi
1340 1886 1538 1930 prcedones
1558 1895 1792 1930 expugnave-

91 1945 195 1983 runt,
225 1940 492 1986 dirripuerunt‚
519 1941 819 1986 publicaverunt?
855 1945 940 1985 quot
968 1940 1088 1975 aim‘tes
1122 1946 1342 1975 mercatores
1369 1942 1566 1987 decoquere
1595 1951 1638 1975 ac
1665 1941 1792 1975 cedere

92 1996 191 2031 bonis
220 2000 437 2042 eoeqerunt?
477 2002 559 2043 quot
594 1997 727 2032 nobiles
759 1996 923 2042 familias
954 2001 986 2031 et
1014 1997 1202 2042 opulentas
1238 1998 1394 2032 civitates
1431 1999 1658 2033 everterunt?
1699 1996 1794 2040 Quid

49 2062 81 2088 30
95 2054 132 2087 in
161 2053 409 2095 Alexandria,
438 2055 474 2087 in
505 2053 634 2099 Syria,
666 2054 772 2097 Asia,
807 2053 969 2095 Grcecia,
1002 2053 1184 2099 Aphrica,
1217 2053 1367 2100 denique
1392 2055 1428 2088 in
1455 2053 1613 2088 omnibus
1633 2053 1792 2088 maribus

92 2109 285 2154 infidelium
309 2109 469 2155 faciant,
498 2121 603 2156 quom
627 2111 801 2144 neminem
824 2113 965 2155 prceter
993 2118 1032 2143 se
1061 2111 1233 2155 naviqare
1262 2111 1398 2153 vellent,
1428 2115 1586 2156 quantas
1613 2111 1792 2145 molestias

94 2165 307 2201 Christianis
343 2166 626 2211 negociatoribus
663 2165 843 2211 inferant,
889 2167 1032 2211 lonqum
1078 2170 1170 2201 esset
1207 2175 1399 2201 enarrare.
1460 2165 1553 2208 Quid
1588 2167 1624 2200 in
1665 2166 1872 2200 terra?§.19

93 2222 195 2268 lonqe
218 2223 322 2268 peius
347 2227 590 2268 qrassantur:
627 2222 665 2256 lii
697 2222 853 2257 subditos
878 2222 928 2256 ad
955 2222 1191 2268 cedificandas
1219 2223 1328 2257 moles
1355 2226 1394 2257 ut
1420 2224 1575 2257 iumenta
1605 2223 1793 2257 materiam

91 2278 198 2325 ferre
222 2283 372 2324 coqunt;
407 2279 546 2313 honera
572 2280 702 2313 militice
726 2279 921 2321 sustinere,
950 2279 1122 2313 littorales
1146 2280 1300 2313 taurinis
1329 2280 1450 2313 nervis
1478 2279 1528 2314 ad
1555 2288 1672 2314 remos
1698 2278 1791 2313 subi—

51 2343 84 2369 35
94 2339 194 2381 9unt,
224 2336 382 2380 inqentes
402 2340 434 2369 et
452 2335 664 2370 cottidianas
683 2336 891 2370 exactiones
910 2338 943 2369 et
971 2335 1100 2370 tributa
1131 2336 1288 2381 exiqunt.
1344 2335 1530 2370 Proetores
1557 2339 1590 2370 et
1611 2335 1791 2381 quberna-

97 2397 191 2427 tores
214 2402 285 2426 non
305 2391 450 2426 Patavii
476 2396 538 2426 aut
565 2392 720 2434 Parisii,
751 2391 817 2427 sed
839 2391 871 2426 T
869 2395 972 2426 unete
1002 2396 1067 2425 aut
1086 2392 1136 2426 ad
1157 2391 1309 2425 Tanaim
1337 2403 1359 2426 a
1378 2393 1508 2437 pueris
1536 2393 1662 2426 nutriti
1683 2391 1797 2437 periti

95 2451 179 2483 sunt
206 2459 278 2482 non
305 2448 432 2494 leqicm,
462 2459 533 2483 non
555 2448 795 2494 philosophice
829 2452 892 2482 aut
918 2452 1052 2482 nostrce
1081 2449 1278 2493 reliqionis,
1309 2448 1374 2482 sed
1399 2449 1640 2494 pecuniarum
1671 2452 1792 2482 extor-

96 2504 334 2550 quendarum,
361 2505 426 2538 sed
453 2515 592 2539 morum
621 2506 829 2539 immanium
860 2503 1101 2539 barbarorum
1131 2515 1176 2539 ac
1204 2505 1339 2539 rituum
1360 2504 1675 2550 Maqmetidarum.
1723 2503 1793 2537 Mi—

95 2561 288 2595 serrimum
311 2565 408 2608 *esset
434 2561 567 2595 liabere
593 2572 703 2596 unum
732 2566 795 2596 aul
824 2561 913 2595 duos
942 2561 1029 2595 tales
1059 2561 1243 2596 dominos:
1282 2566 1414 2607 quanto
1453 2565 1504 2595 est
1533 2561 1698 2595 miserius
1727 2559 1790 2594 ha-

53 2617 184 2652 where
213 2617 305 2651 mille
333 2621 396 2651 aut
415 2627 533 2663 prope
561 2618 850 2652 innumerabiles.
909 2616 947 2651 hi
973 2618 1029 2652 ius
1054 2618 1197 2660 dicunt,
1229 2617 1268 2652 lu·
1293 2618 1398 2652 urbes
1427 2628 1471 2652 ac
1493 2618 1706 2663 provincias
1734 2625 1793 2650 re-

96 2677 187 2720 yunt
218 2674 274 2709 vel
295 2674 417 2718 potius
444 2674 608 2718 expilant
635 2673 953 2720 exliauriuntque:
992 2678 1025 2708 et
1060 2678 1176 2708 tamen
1214 2675 1388 2708 neminem
1425 2673 1579 2716 honore,
1621 2674 1794 2707 neminem

98 2730 310 2773 sacerdotio,
343 2731 518 2764 neminem
545 2729 722 2765 nobilitate
752 2740 876 2765 eorum
903 2730 1119 2777 diqnantur:
1142 2735 1318 2776 putarent
1345 2732 1579 2776 mayistratus
1604 2734 1637 2764 et
1652 2728 1795 2776 prcefe-

188 2895 202 2916 ⁷
220 2896 403 2938 Cogitavit
427 2895 532 2927 ICtus
559 2896 600 2927 de
618 2895 767 2938 Ulpiani
791 2896 832 2928 L.
852 2896 905 2929 13.
923 2897 953 2936 ξ.
971 2896 1001 2929 7.
1019 2898 1064 2928 D.
1083 2896 1126 2928 de
1151 2895 1294 2927 iniuriis
1319 2896 1391 2936 „Et
1416 2895 1557 2937 quidem
1581 2906 1679 2928 mare
1706 2906 1799 2927 com-

102 2962 207 2984 mune
233 2953 389 2984 omnium
416 2955 481 2990 est,
508 2957 543 2984 et
568 2952 687 2992 litora,
715 2953 809 2984 sicut
833 2954 930 2985 aer''.
993 2952 1005 2972 ⁹
1030 2953 1206 2993 Thetydis
1225 2954 1297 2985 1.2.
1360 2952 1544 2993 Neptunni
1563 2954 1594 2983 1.
1625 2988 1626 2991 Ἰ
1661 2950 1686 2971 ¹⁹
1710 2952 1797 2993 Pyr*

102 3008 203 3040 rhate
223 3011 252 3041 1.
300 3009 516 3051 Rhagusari:
536 3011 566 3039 1.
586 3008 799 3050 Rhagusani
818 3011 850 3041 2.
913 3009 941 3029 ²⁰
958 3009 1213 3040 Aristoehratifi
1232 3011 1262 3040 1.
1319 3009 1538 3050 opprinendo
1558 3010 1588 3039 1.
1635 3006 1664 3027 ²⁴
1680 3008 1796 3050 peste-

102 3064 308 3096 lentissimis
333 3067 364 3096 1.
413 3065 587 3107 pyrratis:
615 3067 688 3096 1.2.
743 3063 771 3084 ²¹3
797 3066 925 3107 cedere
950 3068 982 3097 1.
1036 3064 1063 3084 ²⁹
1090 3065 1279 3106 epulentas
1306 3067 1335 3095 1.
1391 3063 1418 3084 ³2
1444 3065 1741 3107 negaciatoribus
1767 3067 1797 3096 1.

102 3121 145 3152 In
169 3131 272 3163 marq.
293 3123 323 3152 1.
343 3126 393 3153 est
418 3122 571 3153 Romani
602 3131 731 3152 errore.
802 3121 830 3141 3³
857 3122 1069 3154 crassantur.
1091 3124 1122 3152 1.
1190 3119 1219 3140 ³4
1243 3131 1353 3152 onera
1379 3122 1410 3152 2.
1481 3119 1508 3139 3⁶
1535 3121 1674 3152 'ruente
1694 3123 1767 3153 1.2.
