2081 3517
410 226 523 247 1NDEx
541 226 665 248 EORVM
685 226 765 251 QVAE
784 225 854 246 Hoc
874 225 1062 247 VOLVMmE
1082 225 1139 246 111.
1161 224 1432 246 CONTINENTVR.
1689 219 1783 250 XIII

1714 324 1783 358 Paga

242 376 297 409 41.
330 385 372 410 IN
402 384 571 411 PVGNAM
600 384 910 411 RAVENNENSEM.
957 371 1100 409 Victori
1131 371 1309 420 victoque
1341 369 1451 408 dolor
1483 377 1516 408 el
1539 384 1569 408 e.
1719 376 1784 408 223

243 444 298 476 42.
330 451 386 475 ΑΒ
417 451 698 477 RAVENNATES.
746 438 883 476 Perdis
915 451 1008 488 opes
1040 438 1249 488 perdisque
1281 444 1316 475 et
1337 450 1366 478 c.
1720 443 1785 473 224

241 510 297 542 43.
331 519 372 543 IN
402 518 574 543 MORTEM
605 518 747 543 IACOBI
777 519 830 542 DE
862 518 954 543 EMs.
1004 505 1127 550 Quam
1158 505 1266 555 prius
1298 504 1471 542 ediderat
1501 510 1534 541 el
1558 517 1588 541 e.
1722 510 1786 540 224

242 577 296 608 44.
330 585 384 609 ΑΒ
417 584 620 609 CAESAREM
649 585 702 608 DE
733 584 1010 610 PROFLIGATIS
1042 585 1230 611 VENETIs.
1277 571 1451 609 Debebat
1474 570 1541 608 tibi
1572 577 1606 607 e(
1629 584 1658 607 e.
1722 576 1787 606 224

242 643 297 675 45.
330 652 373 676 ΙΝ
402 650 569 676 PVGNAM
600 651 915 677 CREMONENSEM.
957 629 1037 676 Ὧν
1067 634 1195 689 ὕβρις
1226 651 1271 676 τε
1302 637 1375 689 βίη
1408 651 1452 675 τε
1484 645 1516 674 cl
1539 652 1570 675 c.
1722 643 1786 673 224

241 710 296 742 46.
328 717 563 743 BOMBARDAE
597 718 623 742 A
654 718 862 744 GERMANIS
894 718 1032 744 PVGNA
1062 719 1237 745 RAVENN.
1270 718 1484 744 RECEPTAE.
1532 704 1662 742 Gallo-

387 784 474 810 rum
508 776 698 809 tormenta
729 784 864 810 sumus
894 779 929 809 et
951 785 983 809 e.
1018 804 1025 810 .
1511 801 1519 808 .
1583 802 1589 809 .
1722 776 1785 807 225

241 844 295 876 47.
329 851 533 877 OBSEssvs
566 846 592 876 A
623 851 774 877 GALLIS
808 852 889 878 CVM
921 852 1111 878 SALVTEM
1142 852 1448 878 DESPERASSET.
1495 839 1659 884 01111111-

387 918 474 944 sere
504 910 616 943 natus
646 905 868 944 miserabile
901 912 936 943 el:
957 920 987 943 e.
1723 910 1786 940 225

242 978 296 1009 48.
329 985 565 1012 TROPHAEVM
594 986 735 1011 IACOBI
766 987 819 1010 DE
852 985 944 1011 EMS.
992 974 1093 1011 Mars
1125 975 1277 1021 genitor
1308 979 1341 1010 et
1364 987 1395 1011 e.
1439 1003 1446 1011 .
1718 977 1782 1007 225

241 1044 294 1080 49.
325 1053 378 1077 ΒΕ
409 1052 585 1079 VENETIS
617 1053 671 1078 AD
704 1053 917 1078 OAEs-AREM.
965 1040 1158 1077 Ferehant
1188 1040 1321 1078 Veneti
1352 1046 1385 1077 el
1408 1053 1438 1076 e.
1720 1044 1783 1074 225

241 1111 295 1144 50.
328 1120 382 1144 DE
413 1120 646 1146 MVNERIBVS
677 1121 936 1146 VENETORVM.
984 1108 1032 1145 Ut
1063 1119 1197 1157 pacem
1229 1107 1429 1144 obtineant
1459 1112 1493 1143 el
1515 1120 1546 1144 e.
1581 1136 1588 1143 .
1720 1110 1784 1142 226

240 1178 296 1211 51.
328 1187 369 1212 IN
400 1187 569 1213 PVGNAM
599 1187 910 1213 RAVENNENSEM.
961 1174 1053 1217 Fas,
1087 1175 1205 1219 socii.
1238 1173 1337 1212 male
1369 1180 1403 1210 et
1425 1187 1456 1211 c.
1511 1204 1518 1211 .
1720 1178 1782 1208 227

240 1246 295 1278 52.
328 1254 382 1278 AD
416 1254 629 1279 OAESAREM.
679 1241 896 1279 Senserunt
926 1241 1060 1278 Veneti
1091 1253 1175 1291 quie
1207 1242 1283 1278 sint
1313 1247 1346 1277 et
1371 1254 1400 1277 c.
1442 1271 1449 1277 .
1720 1245 1783 1275 227

241 1312 296 1344 53.
328 1321 381 1345 DE
413 1322 551 1347 PVGNA
582 1321 852 1346 RAVENNENSI.
900 1308 1041 1358 Sparsa
1074 1307 1317 1345 Ravennates
1349 1314 1381 1343 el
1405 1321 1435 1345 (Ἰ.
1722 1312 1785 1342 227

241 1379 297 1412 54.
329 1387 384 1412 AD
417 1387 619 1413 CAESAREM
650 1389 703 1413 DE
734 1387 933 1414 VICTORIA
956 1387 1228 1413 CREMONENSI.
1279 1373 1362 1412 Ulte
1395 1375 1502 1411 nefas
1533 1382 1566 1410 el
1590 1387 1619 1411 e.
1655 1404 1661 1410 .
1722 1379 1785 1408 227

241 1446 296 1479 55.
328 1455 381 1479 DE
413 1455 576 1481 PRAELIO
610 1454 882 1480 OREMONENSI.
928 1441 1061 1479 Praelia
1094 1441 1248 1479 Mantoo
1280 1447 1313 1478 et
1336 1454 1367 1478 c.
1724 1445 1789 1476 228

240 1513 294 1546 56.
326 1522 380 1546 DE
411 1522 563 1547 EODEM.
612 1509 725 1546 Parte
759 1508 856 1546 videt
888 1508 1051 1547 Venetos
1083 1508 1265 1546 conflictu
1296 1514 1329 1545 et
1352 1521 1382 1545 c.
1724 1513 1789 1543 223

240 1580 295 1612 57.
328 1588 382 1613 AD
413 1588 601 1614 VENETOS
633 1590 686 1613 DE
718 1589 856 1614 PVGNA
887 1589 1163 1615 CREMONENSL
1217 1578 1413 1613 Caesareos
1443 1574 1543 1611 soliti
1576 1582 1608 1611 et
1633 1588 1662 1611 c.
1724 1578 1789 1610 228

240 1647 295 1679 58.
327 1656 382 1680 DE
412 1656 603 1681 FORTVNA
624 1656 886 1682 VENETORVM.
919 1645 966 1688 [cz.
984 1645 1153 1689 pictura]
1186 1641 1258 1686 Qui
1280 1655 1406 1692 nuper
1430 1643 1543 1679 terris
1574 1649 1607 1678 et
1631 1655 1661 1678 c.
1723 1645 1788 1677 229

241 1713 296 1747 59.
328 1723 382 1747 ΒΕ
414 1723 606 1749 AERVMNIS
637 1723 917 1749 MAXIMILIANI.
966 1710 1071 1755 Quos
1102 1710 1191 1747 facit
1223 1709 1396 1748 excelsos
1425 1716 1459 1746 et
1482 1723 1513 1746 c.
1723 1713 1790 1745 230

241 1781 296 1814 60.
328 1790 382 1814 ΒΕ
414 1789 675 1815 IMMODESTIA
706 1790 968 1816 VENETORVM.
1016 1777 1214 1815 Concessit
1246 1777 1397 1815 Venetis
1429 1784 1463 1814 el
1485 1790 1515 1813 e.
1724 1780 1790 1812 231)

242 1848 297 1881 61.
329 1857 383 1881 ΒΕ
415 1857 605 1883 FORTVNA
636 1857 690 1881 AD
723 1857 936 1882 OAESAREM.
984 1844 1115 1893 Nuper
1147 1844 1285 1881 Virtuti
1316 1850 1349 1880 cl
1374 1857 1402 1880 e.
1447 1875 1452 1880 .
1725 1847 1790 1878 231)

242 1916 296 1947 62.
327 1924 380 1948 ΒΕ
413 1924 697 1950 IMPRVDENTIA
727 1924 990 1950 VENETORVM.
1041 1912 1225 1959 Quisquis
1257 1911 1435 1961 exemplo
1468 1918 1501 1948 el
1525 1924 1556 1947 e.
1583 1941 1590 1947 .
1722 1914 1787 1945 231)

242 1982 297 2015 63.
330 1991 384 2015 ΒΕ
414 1991 536 2016 FATIS
567 1991 833 2017 VENE'roRVM.
881 1977 1026 2015 Fabula
1060 1982 1162 2015 mota
1195 1990 1332 2015 recens
1364 1984 1398 2015 ec
1421 1991 1451 2015 c.
1724 1981 1785 2012 231

243 2048 297 2081 64.
330 2058 384 2082 ΒΕ
414 2059 605 2084 FORTVNA
634 2058 895 2083 VENETORVM.
949 2044 1098 2093 Regina
1130 2046 1351 2082 fluctuantis
1382 2052 1415 2081 et
1448 2058 1478 2081 v.
1515 2075 1521 2081 .
1724 2048 1785 2079 231

243 2116 298 2149 65.
331 2125 385 2149 AD
416 2125 713 2151 BONONIENSES.
762 2112 820 2149 Tu
851 2123 955 2149 nune
988 2112 1226 2162 Sequanieos
1268 2112 1401 2149 mirata
1434 2118 1467 2148 el
1492 2126 1522 2149 ν.
1724 2114 1785 2146 231

242 2182 297 2215 66.
330 2193 384 2216 ΒΕ
417 2192 631 2217 CONVENTV
663 2192 915 2217 BONONIENSI
946 2192 1000 2216 AD
1033 2191 1196 2217 rrALOS.
1250 2178 1349 2223 Quid
1382 2183 1418 2216 te
1450 2179 1545 2216 adeo
1577 2186 1611 2215 el
1634 2192 1664 2215 e.
1725 2182 1788 2214 232

244 2249 299 2283 67.
330 2259 385 2284 ΒΕ
415 2259 617 2285 FORTVNA.
665 2246 749 2283 11110
780 2258 903 2289 nunc,
938 2246 1013 2284 11110
1045 2245 1178 2284 oculos
1210 2247 1448 2296 patentiores
1478 2253 1510 2283 el
1535 2260 1592 2283 c..
1725 2250 1788 2281 232

244 2317 298 2350 68.
330 2327 385 2351 ΒΕ
415 2326 607 2351 FOR'PVNA
637 2326 691 2351 AD
725 2326 939 2352 CAESAREM.
987 2312 1114 2350 Tarda
1147 2312 1324 2362 quidem,
1358 2313 1425 2351 sed
1456 2321 1491 2351 et
1513 2327 1543 2351 c.
1586 2344 1592 2350 .
1724 2316 1789 2348 233

244 2384 299 2417 69.
332 2394 386 2417 ΒΕ
419 2393 554 2418 GALLO
586 2394 638 2418 ΕΤ
671 2393 856 2419 CAESARE.
903 2380 1037 2418 Omnia
1071 2384 1161 2417 sunt
1192 2379 1290 2418 Galli
1321 2387 1355 2418 et
1379 2394 1409 2418 0.
1446 2412 1452 2418 .
1723 2383 1788 2415 233

244 2451 298 2484 70.
331 2461 385 2485 DE
418 2460 571 2485 1TA1.1A.
619 2448 793 2484 Victores
824 2446 939 2497 paulo
971 2451 1058 2485 ante
1089 2458 1211 2496 penes
1243 2459 1328 2485 sors
1359 2453 1395 2485 et
1416 2460 1446 2484 c.
1723 2450 1789 2482 233

244 2518 299 2551 71.
331 2527 385 2552 DE
416 2527 615 2553 FORTVNAE
647 2526 970 2552 MVTABILITATE.
1019 2514 1132 2552 Sorte
1163 2514 1234 2552 suh
1266 2514 1444 2564 ambigua
1478 2520 1512 2551 et
1535 2528 1565 2551 ρ.
1724 2517 1790 2549 234

244 2586 299 2618 72.
335 2594 444 2625 QVOD
476 2594 683 2620 FORTVITA
714 2593 863 2619 FACILE
895 2595 1129 2621 MVTENTVR.
1178 2582 1288 2620 Aeris
1311 2586 1397 2631 eget
1420 2581 1544 2619 Ceasar
1576 2588 1609 2617 et
1633 2594 1662 2617 e.
1723 2584 1789 2616 234

246 2652 301 2685 73.
333 2662 387 2686 ΒΕ
419 2662 572 2686 EADEM.
621 2648 743 2693 Quem
776 2648 937 2686 dederat
968 2648 1139 2687 Fortuna
1172 2650 1321 2699 apicem
1353 2655 1389 2686 et
1410 2662 1440 2686 e.
1723 2651 1788 2683 234

245 2720 299 2752 74.
332 2729 386 2753 DE
416 2728 616 2755 FORTVNAE
648 2728 857 2755 LVDIBmO.
907 2715 1040 2753 Erexit
1070 2715 1241 2754 Fortuna
1271 2721 1396 2754 rotam
1428 2721 1461 2752 el
1484 2728 1514 2751 0.
1725 2718 1790 2750 234

245 2787 300 2819 75.
333 2795 387 2820 DE
418 2795 677 2820 IMMODESTIA
708 2795 971 2821 VENETORVM.
1021 2782 1212 2821 Concessa
1245 2788 1302 2821 est
1322 2782 1476 2820 Venetis
1507 2788 1541 2818 el
1563 2794 1594 2818 e.
1725 2785 1789 2817 235

246 2853 301 2886 76.
333 2862 389 2888 AD
420 2862 653 2889 FORTVNAM.
701 2848 823 2893 Quem
854 2849 992 2894 finem,
1025 2849 1209 2893 Fortuna,
1242 2849 1335 2887 sacis
1366 2855 1399 2885 et
1422 2862 1453 2886 c.
1725 2852 1789 2884 235

247 2921 301 2953 77.
334 2929 389 2954 ΒΕ
420 2930 551 2956 MVNDI
584 2928 916 2955 GVBERNATIONE.
963 2915 1031 2954 Est
1062 2916 1202 2954 eoelum
1233 2920 1347 2964 atque
1379 2921 1414 2953 et
1435 2928 1466 2953 c.
1513 2946 1521 2954 .
1724 2919 1790 2951 236

246 2987 301 3020 78.
334 2996 568 3022 INSCRIPTIO
602 2995 771 3022 GALLIOI
802 2995 949 3021 CLYPEI
981 2995 1036 3020 AD
1067 2996 1265 3026 AQVILAM.
1298 2986 1346 3029 [e.
1363 2986 1533 3030 pictura]
1564 2982 1668 3028 Quos

393 3050 549 3088 tandein
581 3051 620 3087 in
650 3049 816 3101 populos
847 3055 912 3088 aut
943 3061 1018 3099 quo
1050 3049 1132 3088 haec
1163 3049 1239 3088 lilia
1271 3056 1306 3087 et
1328 3063 1358 3087 c.
1725 3054 1791 3087 236
