2081 3517
290 206 386 251 248
553 225 712 247 HVTTENI
731 225 778 246 AD
797 223 971 246 CAESAREM
990 222 1267 244 MAXIMILIANVM
1286 222 1577 245 EPIGRAMMATVM
1595 223 1717 246 LIBER.

446 324 535 362 106.
800 326 864 357 AD
889 322 1169 356 IOACHIMVM
1192 324 1469 355 MOLTZHAN.

557 406 625 443 tjui
657 405 766 443 datus
797 415 836 441 es
866 401 976 440 miles
1006 401 1126 446 hello,
1159 403 1234 440 dux
1266 402 1390 440 faetus
1420 403 1555 441 eodem
1588 416 1647 448 es,

668 471 768 508 Vidit
798 474 833 507 et
863 469 1007 507 armari
1035 473 1072 507 et
1101 470 1254 508 vincere
1282 475 1436 520 tempus
1466 470 1578 508 idem.

559 539 641 576 Dux
672 542 768 588 tyro,
802 536 1003 574 confestim
1033 537 1152 575 virtus
1181 538 1364 575 maturuit
1394 538 1432 575 in
1465 542 1520 576 te:

524 619 536 642 4
669 603 767 649 Quid
797 603 962 641 mirum?
992 604 1152 642 summis
1181 604 1264 642 haec
1296 605 1397 642 venit
1427 609 1514 643 ante
1545 605 1656 643 diem.

454 726 538 764 107.
823 727 887 757 DE
915 726 1075 758 GALLO
1101 727 1264 758 ITALIA
1289 727 1453 759 PVLSO.

556 806 679 843 Testis
711 811 791 842 erat
823 804 954 844 Gallus
984 804 1099 855 paulo
1131 811 1217 844 ante
1248 807 1450 855 insigniter
1481 819 1597 845 ausus

668 872 752 910 Non
784 884 867 910 esse
898 873 937 909 in
969 873 1146 911 dominos
1177 885 1284 911 arma
1315 873 1485 923 gerenda
1517 875 1628 912 deos:

559 939 651 977 Nam
685 951 772 977 cum
804 939 903 978 ultra
934 941 1034 978 vires
1064 940 1246 990 quiddam
1276 946 1460 985 tentaret,
1493 941 1540 979 ab
1572 941 1657 986 illo,

525 1022 538 1046 4
673 1007 795 1053 Quem
827 1020 868 1045 se
899 1012 1076 1057 sperarat
1107 1008 1280 1051 vincere,
1313 1009 1434 1046 victus
1465 1008 1553 1047 abit.

558 1075 759 1125 Tanquam
791 1073 934 1124 aliquid
965 1087 1050 1113 sese
1081 1075 1281 1124 indignum
1312 1075 1465 1113 fortuna
1496 1075 1664 1120 tulisset,

669 1141 840 1180 Primum
872 1141 923 1179 illi
955 1143 1053 1180 victo
1084 1142 1204 1192 repsit
1235 1143 1273 1179 in
1305 1154 1372 1181 ora
1405 1143 1549 1192 pudor;

559 1210 605 1247 At
636 1214 839 1259 postquam
871 1221 963 1247 cura
994 1210 1091 1247 ratio
1122 1214 1293 1247 mentem
1325 1211 1401 1258 egit
1432 1210 1479 1248 ab
1511 1210 1573 1248 illa

525 1290 540 1315 ς
671 1275 792 1314 Altius
823 1281 881 1314 est
911 1288 1022 1315 casus
1051 1277 1289 1327 intuitusque
1319 1289 1429 1322 suos,

561 1345 697 1382 ‘Arma
727 1343 795 1382 tuli
827 1349 971 1382 temere
984 1343 1003 1389 ',
1037 1345 1188 1393 quoties
1218 1345 1419 1389 irascitur,
1451 1346 1593 1395 inquit,

670 1411 841 1450 ‘Numen
872 1411 990 1450 habet
1020 1412 1165 1456 Caesar,
1200 1412 1356 1450 numine
1388 1413 1518 1451 vincor
1549 1412 1652 1461 ego’.

454 1532 539 1570 108.
772 1536 835 1566 AD
861 1535 1227 1567 MAXIMILIANVM
1253 1536 1507 1568 SFORTIAM.

560 1614 774 1665 ‘Sanguine
806 1626 928 1657 nime,
962 1614 1118 1658 Ticine,
1152 1613 1268 1658 rube,
1301 1627 1404 1653 nune
1435 1616 1643 1665 sanguine,
1677 1616 1784 1659 Lari,

672 1682 806 1720 ‘inlice
838 1682 1071 1720 Teutonicas
1102 1682 1205 1720 mede
1236 1683 1378 1721 fluente
1409 1687 1522 1721 rates.

558 1748 660 1793 ‘Qua
692 1750 843 1798 fugiunt
873 1749 988 1795 Galli,
1021 1750 1052 1787 si
1083 1762 1161 1787 non
1192 1755 1296 1788 tenet
1327 1751 1452 1788 onmia
1484 1750 1613 1794 miles,

526 1830 539 1853 4
674 1817 835 1855 ‘Claude
867 1818 962 1855 viam
995 1818 1128 1868 empti,
1160 1817 1324 1867 iupiter,
1359 1816 1518 1866 effugii'.

558 1885 648 1923 Haee
678 1884 836 1935 aliquis:
869 1885 957 1923 iusti
988 1897 1150 1936 superos
1181 1897 1336 1923 movere
1368 1889 1567 1935 precatus,

671 1953 842 1991 Grassati
872 1953 910 1990 in
942 1952 1070 1991 Gallos
1101 1952 1228 2002 diique
1259 1952 1513 2003 hominesque
1544 1952 1678 1991 simul:

558 2020 763 2070 Nunquam
794 2020 843 2057 ita
876 2019 1037 2058 terribili
1068 2019 1249 2058 luxerunt
1279 2019 1430 2069 fulgura
1462 2024 1587 2063 motu,

524 2100 538 2120 ³
671 2087 856 2125 Turhavit
885 2092 1080 2138 sumptum
1112 2087 1288 2126 turbidus
1318 2087 1443 2126 imber
1473 2089 1558 2126 iter.

560 2155 700 2192 Sfortia
732 2156 960 2205 progenies,
992 2167 1064 2205 pro
1095 2167 1171 2205 quo
1203 2146 1329 2193 mox-et
1361 2156 1487 2193 onmia
1520 2155 1705 2203 mundus,

670 2223 910 2261 Aeruinnosa
942 2223 1060 2273 patris
1091 2223 1223 2261 desine
1255 2224 1328 2260 fata
1360 2224 1481 2272 queri.

455 2342 542 2379 109.
707 2346 770 2376 AD
798 2346 999 2377 BVNDEM
1024 2346 1087 2377 DE
1114 2346 1380 2377 FRANCISCO
1407 2346 1576 2377 PATRE.

559 2425 653 2463 Tam
685 2429 839 2475 poterat
868 2425 1005 2463 vixisse
1036 2425 1122 2469 diu,
1155 2436 1358 2474 superesse
1390 2430 1445 2462 tot
1476 2436 1596 2462 annos

671 2492 828 2535 Sfortia,
861 2494 1078 2542 praescisset
1107 2493 1139 2530 si
1170 2497 1232 2530 tua
1264 2492 1374 2535 sacta,
1407 2504 1559 2543 parens

382 2592 454 2624 106.
498 2593 553 2624 Cf.
574 2593 686 2634 epigr.
706 2591 760 2624 99.
781 2592 854 2625 105.
874 2603 907 2624 v.
927 2593 959 2624 2.
1030 2592 1043 2613 3
1069 2593 1114 2625 ef.
1136 2593 1181 2624 ad
1207 2594 1320 2635 epigr.
1338 2592 1393 2624 99.
1412 2605 1443 2625 v.
1463 2594 1494 2624 7.
1515 2593 1636 2624 adnot.

382 2649 456 2680 107.
499 2649 554 2680 Cf.
575 2649 687 2691 epigr.
708 2648 783 2681 103.
853 2647 866 2667 3
893 2649 938 2680 ab
965 2647 1041 2691 illo]
1073 2660 1093 2681 a
1118 2650 1280 2681 Venetis.

384 2705 455 2736 108.
498 2704 508 2725 ¹
534 2706 665 2737 Larius
691 2705 852 2736 lacus:
869 2704 1068 2737 Comensis.
1140 2705 1153 2725 ⁶
1179 2704 1241 2747 dii]
1262 2706 1307 2737 ef.
1327 2706 1442 2747 epigr.
1461 2705 1515 2737 96.
1587 2705 1600 2724 9
1626 2706 1737 2737 movit
1755 2708 1829 2737 2.4.
1894 2705 1920 2725 ¹⁰
1947 2706 1994 2736 cf.

292 2773 364 2803 seq.
384 2763 498 2803 epigr.
518 2772 549 2793 v.
569 2762 600 2793 -1,
673 2762 873 2793 Erumnosa
899 2763 928 2792 1.
942 2764 974 2793 2.
989 2764 1020 2793 3.

383 2817 455 2849 109.
498 2818 554 2849 Cf.
574 2819 678 2860 epigr
698 2817 770 2849 101.
784 2817 858 2849 111.
875 2828 908 2849 v.
928 2817 958 2849 ὃ.
1031 2816 1039 2836 ¹
1067 2818 1203 2849 Decem
1230 2828 1342 2849 annos
1362 2819 1397 2849 iu
1415 2818 1575 2849 tenebris
1595 2819 1754 2849 carceris
1771 2818 1995 2849 Lucacensis

292 2875 436 2911 (Loclzes
461 2874 585 2916 oppidi
608 2874 845 2914 Turonensis)
869 2875 1013 2906 vixerat
1029 2874 1248 2906 Ludovicus.
1298 2874 1467 2906 Ceterum
1492 2884 1606 2915 neque
1632 2874 1698 2905 filii
1723 2874 1800 2905 fata
1825 2884 1996 2915 prospera

293 2930 480 2961 durarunt:
514 2934 594 2972 post
625 2930 790 2972 praelium
814 2931 1087 2962 Marinianense
1114 2930 1160 2970 (d.
1182 2930 1232 2961 13.
1253 2930 1350 2972 Sept.
1371 2941 1403 2962 a.
1426 2929 1536 2970 1515.)
1565 2934 1600 2961 et
1624 2931 1739 2961 tribus
1764 2930 1995 2961 hebdomadi-

292 2986 358 3017 bus
391 2989 471 3027 post
503 2987 547 3017 ab
580 2988 658 3028 ipso
690 2986 852 3018 inbecilli
877 2987 1129 3018 Maximiliano
1156 2986 1291 3018 Sfortia
1323 2987 1405 3018 duci
1436 2986 1639 3018 Borbonico
1670 2986 1843 3018 traditam
1875 2997 1994 3018 arcem

293 3041 603 3074 Mediolanensem
631 3053 710 3074 eum
735 3045 831 3074 omni
856 3054 919 3076 suo
945 3045 1021 3075 iure
1046 3043 1268 3075 hereditario
1294 3043 1331 3074 in
1357 3042 1500 3075 Gallias
1526 3043 1661 3084 refugit
1678 3042 1900 3084 Parisiisque
1927 3053 1994 3074 cae-

293 3097 371 3128 lebs
396 3102 553 3130 mortuus
579 3103 634 3131 est
660 3111 691 3131 a.
713 3099 809 3131 1530.
881 3099 893 3118 ⁶
919 3099 1059 3131 caedere
1085 3101 1115 3130 1.
