2081 3517
278 187 371 232 392
512 206 674 228 HVTTENI
694 205 731 226 IN
752 203 1008 226 EXCEPTIONEM
1027 201 1272 223 MOGVNTINAM
1290 200 1449 222 ALBERTI
1468 202 1736 224 PANEGYRICVS.

546 307 660 345 Parte
692 306 762 344 alia
794 310 857 343 tua
889 306 996 353 signa
1030 303 1154 346 vides,
1185 314 1404 352 pugnaeque
1436 302 1610 341 furentes
1752 302 1984 352 3¹1¹,fff313332212‘st

548 373 722 413 Allicrtlii
754 376 966 410 cernuntur
998 370 1074 407 avi:
1106 375 1148 407 tu
1178 370 1365 419 sanguine
1396 370 1519 407 siccos

547 441 732 490 Agnoscis
765 438 889 476 vultus
920 441 955 474 et
986 441 1135 474 aratum
1167 436 1323 475 vulnere
1355 441 1528 474 mentum

460 519 522 543 1035
544 509 801 557 Signatasque
833 515 971 542 manus
1003 505 1276 554 conscissaque
1307 508 1466 553 pectora
1496 503 1641 554 plagis;

548 575 659 613 Ducit
691 584 810 622 equos
842 571 1024 620 ducitque
1055 571 1156 608 viros
1189 575 1225 609 et
1255 571 1395 609 Norica
1427 575 1549 609 vastat

549 642 652 679 Rura
686 641 809 681 ferus,
846 643 1053 688 torvosque
1085 639 1227 676 invadit
1256 638 1376 676 milite
1407 637 1568 681 Bemos,

550 708 779 756 Silesiasque
811 705 929 744 urbes
959 707 1062 743 iuvat
1093 705 1342 743 auxiliaribus
1372 706 1508 749 armis;

546 774 658 812 Illum
690 785 824 811 omnes
855 777 1054 816 metuunt,
1089 784 1225 811 omnes
1256 774 1484 822 fugiuntque
1516 772 1674 820 l'oloni3

462 851 523 876 1010
545 842 651 879 Idem
682 840 754 878 alio
787 839 888 878 bello
920 840 1076 877 Bavaris
1108 840 1305 879 contendit
1336 844 1372 878 et
1402 839 1521 878 urbes
1883 842 1885 844 ’
1911 840 1988 889 2:354„

547 907 744 947 Gallorum
776 908 890 958 petit,
924 907 1180 958 auspiciisque
1212 908 1399 945 immensa
1429 913 1559 945 tuetur

546 975 682 1013 I‘rzelia
716 975 922 1018 Caesa1·eis;
959 973 1230 1014 ‘Germanum'
1263 975 1441 1013 inimicus
1473 974 1678 1013 ‘Achillem
1692 973 1712 1019 ’,

548 1042 629 1087 Qua
662 1044 759 1087 ruit,
793 1041 1001 1085 exclamat,
1036 1043 1236 1091 sancitque
1268 1054 1309 1079 ca
1343 1042 1498 1079 nomina
1530 1054 1676 1080 rumor.

548 1110 601 1148 Te
633 1122 788 1160 quoque
819 1110 894 1147 iam
926 1121 1087 1158 parvum
1119 1108 1299 1159 amplexu
1330 1110 1432 1147 fovet
1461 1109 1524 1148 ille
1556 1115 1749 1159 nepotem.

470 1188 532 1213 1047>
554 1179 706 1216 Arrecti
738 1177 826 1215 huie
858 1189 993 1215 omnes
1024 1176 1178 1227 populi,
1212 1188 1300 1226 spes
1331 1176 1495 1214 maxima
1528 1177 1564 1214 in
1597 1176 1704 1214 illum

550 1245 730 1284 Coniecta
763 1250 819 1282 est
849 1256 1081 1295 procerum,
1116 1249 1152 1282 et
1182 1245 1213 1281 si
1245 1256 1285 1282 se
1316 1244 1469 1281 fortuna
1502 1244 1669 1282 dedisset

550 1313 724 1362 Imperii,
759 1311 922 1350 sublime
955 1318 1069 1361 caput
1101 1311 1308 1351 Germania
1341 1310 1436 1349 ccelo

550 1380 632 1418 lloc
664 1380 781 1423 duce,
814 1379 994 1417 laudibus
1026 1379 1083 1417 his
1114 1380 1150 1417 in
1183 1391 1376 1417 summum
1410 1383 1539 1417 erecta
1573 1379 1732 1417 tulisset.

551 1448 686 1485 Cernis
718 1453 755 1485 et
785 1448 1026 1485 Austriacum
1059 1446 1207 1497 placida
1239 1447 1378 1484 virtute
1409 1451 1588 1496 statuque
1775 1445 1930 1495 ξζῑξῑῖξζξέᾞ
1949 1445 1992 1466 ¹¹¹-

468 1524 534 1549 1050
555 1514 781 1565 Tranquillo
814 1526 980 1563 regnare
1012 1526 1163 1557 senem,
1197 1513 1464 1563 Venetumque
1495 1513 1708 1552 Rohcrtum

372 1661 427 1681 ¹0³²
454 1661 526 1703 tua]
547 1661 706 1693 Alberte.
756 1660 925 1691 Albertus
950 1664 982 1690 2.
1033 1660 1088 1690 Cf.
1109 1670 1217 1700 supra
1244 1660 1363 1690 adnot.
1384 1660 1429 1690 ad
1447 1670 1502 1690 vv.
1519 1661 1595 1690 242.
1615 1670 1690 1701 sqq.
1740 1659 1797 1679 ¹⁰3³
1817 1660 1992 1702 Campan.

283 1718 327 1749 ad
352 1729 384 1749 V.
404 1718 480 1749 250.
502 1719 562 1750 cit.
659 1716 712 1736 ¹¹3ss
745 1714 893 1757 Norica]
924 1716 971 1747 cf.
992 1716 1080 1747 Aen.
1101 1715 1198 1756 Sylv.
1220 1716 1265 1746 ad
1290 1726 1322 1746 v.
1342 1715 1418 1746 250.
1441 1717 1501 1746 cit.
1523 1721 1558 1747 et
1584 1716 1760 1756 imprimis
1787 1716 1992 1748 Germaniae

283 1785 312 1804 e.
333 1773 386 1805 30.
461 1773 515 1793 ¹037
541 1774 729 1805 Albertum
755 1772 1000 1803 marchionem
1028 1783 1105 1802 cum
1132 1771 1285 1802 nondum
1305 1782 1430 1802 xxnn.
1452 1782 1582 1802 annum
1611 1782 1777 1813 egressus
1796 1776 1910 1812 esset,
1937 1773 1996 1804 Al-

281 1830 404 1860 bertus
430 1831 476 1860 ΙΙ.
498 1841 529 1861 a.
553 1829 850 1861 1473.130]101uiae
875 1828 1108 1868 poloniaeque
1135 1839 1196 1858 rex
1223 1827 1360 1858 electus
1387 1828 1727 1859 Vratislaviensium
1753 1827 1842 1859 belli
1867 1829 1994 1860 ducem

284 1889 410 1916 contra
435 1885 590 1916 I'olonos
617 1885 716 1916 dedit
743 1896 775 1915 a.
799 1883 910 1920 1438„
946 1885 1074 1925 quibus
1101 1883 1263 1925 pluribus
1289 1885 1326 1914 in
1352 1894 1473 1915 eorum
1499 1888 1615 1915 terras
1642 1884 1753 1915 factis
1778 1885 1995 1916 incursioni-

283 1942 350 1972 bus
384 1942 526 1973 fortiter
558 1942 706 1972 restitit.
736 1941 782 1971 cf.
802 1941 891 1971 Aen.
912 1940 1009 1980 Sylv.
1030 1951 1059 1970 c.
1080 1940 1134 1970 55.
1156 1944 1191 1970 et
1217 1940 1282 1971 loc.
1300 1940 1345 1971 ad
1370 1951 1402 1971 v.
1421 1939 1498 1970 250.
1527 1940 1660 1971 datum.
1756 1939 1813 1960 ¹⁹⁴⁰
1837 1941 1995 1973 Bavaris

284 1998 418 2039 saepius
452 1998 640 2029 contendit
664 1997 852 2033 Albertus,
882 2006 914 2026 a.
939 1996 1033 2026 1444.
1063 2007 1142 2027 eum
1176 1996 1365 2037 suppetias
1398 1996 1510 2027 ferret
1534 1996 1722 2028 Luclovieo
1748 1997 1900 2038 gibboso
1925 1998 1994 2029 Ba-

284 2054 396 2085 variae
423 2054 505 2084 duci
531 2058 657 2084 contra
688 2058 828 2094 patrem
853 2052 1080 2083 Ludovicum
1112 2052 1278 2093 huncque
1312 2053 1478 2094 pluribus
1503 2053 1733 2084 Danubianis
1766 2054 1908 2095 oppidis
1935 2065 1994 2085 oc-

284 2111 427 2151 cupatis
455 2110 637 2151 captivum
665 2109 880 2148 abduceret3
913 2113 987 2139 tum
1014 2112 1146 2144 autem,
1173 2108 1215 2139 de
1244 2118 1311 2149 quo
1337 2108 1369 2140 h.
1390 2109 1411 2141 1.
1431 2109 1503 2140 dici
1529 2112 1633 2150 puto,
1668 2119 1746 2140 cum
1773 2113 1898 2141 exorta
1923 2110 1995 2141 dis-

284 2166 377 2197 sidia
402 2167 496 2197 inter
514 2166 745 2207 Moguntinos
772 2165 1068 2206 archiepiscopos
1087 2164 1351 2195 Theodericum
1379 2168 1415 2195 et
1432 2165 1645 2206 Adolphutn‚
1672 2165 1708 2196 in
1727 2166 1854 2206 quibus
1873 2177 1995 2198 amore

284 2223 342 2253 I'ii
370 2222 414 2253 lI.
434 2222 471 2252 P.
492 2222 538 2253 M.
559 2222 705 2262 (Aeneae
732 2221 861 2262 sylvii)
888 2221 1054 2262 partibus
1072 2221 1228 2262 Adolphi
1254 2221 1409 2260 faverat,
1437 2221 1731 2262 Ludovieumque
1758 2222 1907 2253 divitem
1926 2223 1994 2254 Ba-

284 2278 394 2309 variae
422 2278 609 2310 inferioris
635 2278 773 2317 ducem,
803 2288 824 2308 a
850 2277 1150 2308 Theodericianis
1176 2277 1340 2318 partibus
1366 2280 1540 2315 stantem,
1576 2277 1845 2317 debellaverat,
1871 2279 1996 2311 Fride-

285 2335 380 2365 ricus
412 2335 608 2376 imperator
639 2334 756 2365 eidem
782 2334 967 2365 Ludovico
1004 2333 1137 2364 bellum
1170 2333 1349 2364 indiceret
1373 2333 1630 2374 Albertumque
1664 2334 1910 2365 marchionem
1935 2335 1996 2366 du-

288 2401 365 2421 cem
392 2390 596 2432 przeficeret
623 2401 653 2420 a.
677 2389 786 2426 1461„
812 2390 849 2420 in
876 2400 943 2431 quo
970 2393 1091 2420 tamen
1117 2389 1212 2420 bello
1239 2390 1275 2419 in
1310 2389 1462 2420 alterum
1494 2400 1625 2420 annum
1658 2390 1810 2421 durante
1842 2401 1913 2422 non
1936 2391 1998 2422 Al-

287 2447 410 2477 bortus
437 2447 500 2478 sed
525 2446 730 2477 Ludovicus
755 2447 871 2477 vietor
898 2446 1036 2483 extitit3
1063 2448 1144 2486 post
1169 2445 1275 2476 (latas
1302 2449 1546 2487 acceptasque
1573 2447 1751 2487 utrimque
1779 2446 1902 2478 clades
1928 2458 1998 2479 non

287 2502 406 2533 nullas
431 2513 501 2544 pax
527 2502 673 2533 tandem
699 2503 793 2533 inita
812 2505 878 2533 est.
905 2502 960 2532 Cf.
980 2502 1115 2532 Aeneae
1134 2501 1249 2541 Sylvii
1269 2501 1402 2532 Comm.
1422 2501 1486 2533 lib.
1507 2501 1537 2533 3.
1557 2513 1590 2543 p.
1610 2501 1664 2534 62.
1684 2513 1736 2543 sq.
1754 2501 1808 2533 91.
1880 2502 1998 2544 Pium]

287 2559 375 2589 Aen.
396 2558 493 2599 Sylv.
515 2558 569 2589 Cf.
589 2568 697 2599 supra
725 2558 768 2589 ad
794 2568 827 2588 v.
845 2557 922 2588 250.
996 2556 1048 2576 ¹0⁴¹
1076 2557 1182 2587 urbes
1211 2557 1304 2589 Gall.
1332 2556 1419 2599 pet.]
1449 2559 1541 2589 Fere
1570 2559 1665 2589 inter
1689 2558 1771 2599 ipsa
1795 2558 1893 2589 bella
1920 2569 1999 2590 cum

288 2615 500 2645 Pomeranis
533 2615 683 2646 ducibus
716 2615 785 2645 sibi
811 2614 970 2655 gerenda
996 2613 1165 2644 Albertus
1193 2625 1212 2644 a
1238 2614 1425 2644 Friderico
1451 2614 1535 2655 imp.
1562 2613 1651 2645 belli
1678 2618 1805 2646 contra
1831 2614 1997 2646 Carolum

287 2671 520 2712 Bur-gundum
547 2670 696 2712 gerendi
714 2671 783 2701 dux
803 2670 951 2711 eligitur
970 2680 1003 2700 a.
1025 2669 1120 2700 1474.
1187 2668 1243 2689 ¹⁰⁴²
1268 2670 1391 2701 Prelia
1408 2672 1481 2701 1.2.
1547 2669 1602 2689 ¹⁰⁴⁴
1630 2670 1782 2710 Iterum⁷
1802 2674 1841 2701 ut
1857 2681 1890 2702 v.
1909 2671 1998 2711 355„

288 2726 456 2758 Albertus
482 2727 778 2768 archiepiscopus
805 2730 888 2757 ante
916 2727 975 2757 avi
1001 2729 1150 2757 mortem
1177 2730 1282 2757 natus
1309 2726 1468 2767 fingitur.
1564 2725 1619 2745 ¹⁰⁴⁹
1645 2727 1856 2758 Fridericus
1882 2730 1914 2758 2.
1943 2727 1997 2758 Cf.

288 2782 358 2813 vol.
373 2783 414 2813 V.
430 2794 462 2824 p.
479 2782 553 2814 380.
569 2794 621 2824 sq.
658 2781 738 2824 HL]
760 2783 808 2814 Iis
828 2783 887 2823 qui
901 2782 1149 2813 Friderichum
1164 2782 1357 2813 Pulchrum
1377 2783 1624 2821 adnumerant,
1646 2788 1796 2824 quartus,
1815 2786 1851 2814 et
1866 2784 1999 2814 Bruns-

290 2838 472 2869 vicensem
499 2840 609 2870 etiam
634 2839 887 2870 Friderichum
913 2839 1008 2868 inter
1034 2839 1270 2879 imperatores
1296 2839 1574 2870 recensentibus
1600 2841 1742 2881 quintus.
1829 2838 1887 2859 ¹⁰⁵⁰
1912 2839 2000 2870 Cum

292 2904 325 2925 a.
346 2893 441 2924 14813.
469 2895 506 2924 in
532 2895 754 2926 Tridentinis
780 2895 929 2936 Alpibus
955 2895 1050 2925 inter
1074 2894 1284 2925 Austriaeos
1310 2895 1539 2935 Venetosque
1566 2895 1720 2925 dissidia
1744 2897 1890 2935 propter
1915 2905 1999 2926 con-

291 2948 412 2980 finium
438 2951 652 2982 vexationes
679 2951 1040 2993 depraedationesque
1067 2955 1146 2982 orta
1173 2954 1310 2990 essent,
1345 2951 1569 2992 Sigismundi
1594 2951 1779 2982 Austriaci
1805 2951 1999 2991 exercitus,

294 3015 397 3045 quem
423 3006 559 3037 auxilia
586 3018 606 3038 a
631 3007 879 3038 Maximiliano
907 3018 924 3038 e
950 3008 1153 3039 Brabantia
1178 3007 1289 3038 missa
1316 3011 1510 3046 auxerant,
1538 3007 1575 3037 in
1600 3007 1820 3038 Venetorum
1844 3006 2000 3048 Alpinas

294 3061 459 3101 regiones
484 3062 690 3104 inrumpens
708 3063 889 3094 Roboreto
916 3066 1021 3104 capto
1049 3064 1270 3104 incensoque
1288 3063 1502 3094 Tridentum
1527 3073 1607 3094 sese
1626 3063 1779 3104 recepit.
1820 3062 2001 3094 Robertus
