2081 3517
309 197 403 243 334
620 216 779 238 RVTTENI
799 213 1016 236 GERMANIAM
1035 213 1185 234 NONDVM
1203 211 1463 233 DEGENERASSE
1483 211 1684 233 HEROICVM.

523 331 554 355 ,πο
575 317 788 359 Miscuerit,
823 315 1064 363 fractumque
1097 312 1213 357 dolis,
1246 324 1324 350 non
1355 312 1517 357 viribus,
1550 313 1721 355 hosteim

574 384 649 421 Ter
681 384 873 431 victasque
905 381 1006 418 acies
1038 378 1150 417 Italas
1182 379 1364 429 orbisque
1396 384 1568 417 retusum

574 450 722 499 Ingenti
752 453 903 485 terrore
935 451 1049 496 caput
1079 445 1319 495 Romamque
1350 446 1547 484 timentem

574 515 827 563 Feraleinque
858 513 966 551 urhis
997 512 1212 562 planctum,
1246 525 1330 562 quae
1361 517 1487 550 castra
1519 512 1699 550 cohortes

575 582 692 620 Silani
723 580 920 624 dederint,
954 592 1049 630 quas
1082 579 1207 630 Caepio
1239 580 1404 617 senserit
1433 580 1528 623 iras,

524 663 555 686 37,
576 650 700 697 thue
732 647 821 696 suga
852 647 955 697 turpi
986 648 1128 696 patrias
1159 646 1382 696 repetiverit
1412 658 1522 684 arces

538 766 545 771 .
574 714 757 758 Manlius,
790 714 927 751 attritae
959 726 1042 764 quae
1074 714 1293 763 desperatio
1325 712 1476 756 Renum

574 781 692 827 Quale
726 780 879 818 Dioiiaeo
911 781 1131 819 consectum
1164 794 1182 818 a
1216 780 1366 818 Cresare
1397 779 1561 823 bellum,

575 849 666 893 Quae
699 848 755 885 vix
787 848 878 885 dum
910 848 978 886 visi
1009 847 1124 885 suerit
1157 848 1314 884 victoria
1345 846 1470 884 Rheni

574 916 817 965 Mentitaeque
850 913 948 963 fugae
980 919 1016 952 et
1048 915 1161 964 coepti
1192 913 1324 951 solatia
1356 914 1505 963 pontis;

525 1051 556 1073 ne
578 1040 775 1078 Miscuerit,
810 1039 959 1074 fractum
991 1039 1103 1078 dolis,
1136 1050 1207 1073 non
1240 1037 1392 1077 virilius,
1426 1038 1584 1077 hosteim

575 1096 641 1130 Ter
671 1096 852 1142 vietusque
884 1095 975 1130 acies
1008 1095 1110 1129 Italus
1143 1094 1317 1140 Orbisque
1350 1099 1508 1128 retusum

576 1152 712 1198 lugenti
744 1157 883 1186 terrore
914 1156 1020 1198 caput
1051 1151 1267 1196 Romanique
1301 1149 1500 1187 timentem,

575 1207 805 1253 Feruleinqiie
837 1206 935 1241 urhis
967 1206 1166 1254 planctum,
1198 1216 1301 1251 quem
1331 1210 1448 1240 castra
1478 1205 1647 1239 cohortes

573 1263 703 1310 Syllani
737 1263 916 1302 dederint,
950 1274 1036 1309 quas
1068 1262 1176 1309 Cepio
1209 1262 1359 1296 senserit
1391 1261 1479 1300 iras,

526 1329 556 1353 55
580 1319 692 1366 thue
726 1320 806 1365 suga
841 1319 934 1365 turpi
966 1318 1101 1365 patrius
1132 1317 1341 1364 repetiverit
1371 1328 1470 1352 arces

574 1374 742 1413 Manlius,
775 1375 907 1411 attritae
939 1386 1017 1420 quw,
1049 1374 1251 1421 desperatio
1283 1374 1422 1412 Ronue2

576 1431 621 1464 El
647 1443 752 1477 qtmm
784 1431 974 1465 ridiculum
1006 1430 1207 1465 consectum
1239 1441 1257 1463 a
1289 1429 1425 1464 (lit-sare
1456 1427 1605 1465 belluni,

575 1486 658 1528 Onu¹
690 1487 743 1521 vix
774 1487 854 1521 ‹lum
887 1486 950 1520 visi
983 1486 1090 1521 suerit
1120 1485 1266 1520 virtoria
1299 1484 1428 1523 Rheni,

575 1543 801 1589 Mentitaeque
833 1542 927 1588 fugae
960 1548 994 1577 et
1024 1542 1130 1588 ccepti
1164 1541 1291 1575 solatia
1322 1540 1464 1588 pontis;

309 1653 497 1694 precibus,
527 1652 634 1682 arinis
660 1654 783 1692 petere
804 1651 1036 1682 constituunt.
1074 1650 1136 1681 sed
1156 1660 1222 1680 nec
1248 1650 1398 1690 primuni
1426 1648 1567 1689 quidem
1594 1648 1753 1689 inpetum
1780 1648 2013 1680 barbarorum

309 1708 470 1747 Silanus,
504 1718 569 1739 nec
596 1707 789 1738 secundum
816 1705 991 1744 Manlius,
1025 1716 1091 1737 1100
1118 1706 1265 1736 tertium
1293 1704 1416 1746 Csepio
1443 1704 1622 1735 sustinere
1648 1707 1859 1745 potuerunt:
1894 1708 2013 1736 aetum

307 1768 385 1795 erat
411 1764 480 1794 nisi
498 1763 634 1794 Marius
661 1763 722 1793 ille
750 1762 883 1793 saeculo
911 1762 1125 1802 contigisset
1213 1760 1361 1791 barbari
1387 1784 1407 1792 ..
1434 1769 1617 1791 recessere
1644 1760 1756 1801 igitur
1780 1761 2013 1802 increpantes

308 1824 343 1850 et
369 1820 486 1860 (tanta
513 1822 592 1849 erat
619 1818 806 1859 capienti-‘e
824 1818 932 1849 Urbis
959 1817 1106 1855 fiducia)
1134 1816 1365 1847 consulentes
1392 1815 1509 1856 siquid
1535 1815 1580 1846 ad
1604 1825 1733 1847 uxores
1758 1826 1842 1847 suas
1866 1816 2013 1847 manda-

307 1880 397 1906 rent.
440 1886 505 1905 nec
532 1875 680 1915 segnius
707 1884 812 1914 quam
839 1874 966 1904 minati
993 1873 1154 1911 fuerant,
1182 1872 1365 1913 tripertito
1392 1871 1536 1913 agmine
1562 1882 1625 1912 per
1649 1871 1759 1913 Alpes
1846 1872 2014 1903 fereban-

308 1935 374 1962 tur.
423 1931 560 1961 Marius
648 1929 771 1971 praelio
804 1929 993 1970 oppressit.
1098 1929 1139 1959 In
1165 1927 1417 1969 patentissimo
1436 1951 1458 1958 ..
1478 1937 1604 1968 campo
1638 1937 1851 1959 concurrere
1924 1928 2013 1959 Istic

309 1997 449 2028 quoque
484 1987 681 2027 imperator
711 1984 900 2015 addiderat
931 1985 1057 2015 virtuti
1091 1983 1227 2023 dolum,
1318 1984 1470 2025 primum
1502 1983 1714 2014 nebulosum
1745 1987 1875 2015 nactus
1907 1984 2012 2020 diem,

306 2047 344 2073 ut
368 2043 463 2073 hosti
490 2042 697 2082 inopinatus
723 2044 944 2079 occurreret,
973 2044 1046 2071 tum
1073 2043 1261 2072 ventosum
1289 2049 1444 2080 quoque,
1472 2042 1511 2070 ut
1536 2039 1653 2081 pulvis
1679 2040 1716 2070 in
1741 2039 1864 2071 oculos
1890 2043 1926 2071 et
1951 2050 2013 2071 ora

309 2099 478 2137 ferretur,
513 2102 586 2128 tuin
622 2099 701 2128 acie
729 2107 905 2128 conversa
931 2097 968 2126 in
1000 2096 1190 2135 orientem,
1225 2099 1303 2126 ut..
1324 2106 1366 2126 ex
1393 2095 1582 2136 splendore
1611 2095 1798 2137 galearum
1825 2106 1867 2126 ac
1892 2106 2012 2137 reper-

306 2164 413 2185 cussu
446 2156 549 2194 quasi
584 2153 710 2184 ardere
743 2152 872 2184 caelum
904 2152 1098 2184 videretur.
1147 2152 1222 2183 Nec
1259 2152 1373 2182 minor
1411 2161 1488 2182 cum
1525 2151 1696 2182 uxoribus
1735 2161 1855 2182 eorum
1891 2161 2014 2193 pugna

307 2220 412 2251 quain
438 2219 517 2240 011111
542 2211 632 2250 ipsis
659 2209 744 2247 fuit,
781 2218 859 2239 cum
892 2209 1047 2239 obiectis
1072 2208 1228 2248 undique
1254 2207 1428 2249 plaustris
1455 2211 1563 2248 atque
1590 2208 1774 2248 carpentis
1801 2207 1885 2238 altae
1911 2207 2015 2238 desu-

306 2277 370 2307 per
395 2267 499 2306 quasi
525 2276 542 2295 e
571 2265 726 2296 turribus
751 2264 894 2295 lanceis
921 2265 1107 2305 contisque
1134 2266 1348 2304 pugnarent.
1397 2263 1547 2304 perinde
1573 2263 1740 2304 speciosa
1771 2273 1864 2294 mors
1891 2273 2013 2294 earum

307 2322 374 2352 fuit
401 2331 506 2362 quain
532 2331 652 2363 pugna
678 2322 756 2352 ....''
784 2320 840 2352 Cf.
859 2321 931 2351 Lin.
953 2320 1040 2361 epit.
1060 2319 1113 2351 65.
1132 2318 1186 2350 67.
1208 2318 1303 2350 Oros.
1323 2319 1409 2350 hist.
1430 2319 1470 2350 V.
1492 2318 1543 2349 16.
1627 2317 1726 2344 50.sqq.
1754 2318 1810 2349 Cf.
1830 2319 2012 2361 Panegyr.

306 2377 342 2408 in
367 2377 508 2408 Alberti
536 2380 676 2417 except.
696 2377 858 2417 Mogunt.
877 2387 910 2407 v.
929 2374 1112 2406 721...785.
1206 2373 1233 2393 5³
1259 2373 1389 2416 Silani]
1421 2374 1559 2415 Syllani
1584 2385 1704 2406 omnes.
1724 2375 1787 2406 sed
1813 2378 1939 2416 aperte
1966 2375 2016 2405 M.

304 2434 427 2464 Iunius
446 2432 591 2464 Silanus
610 2442 683 2463 eOS.
704 2442 736 2462 a.
756 2442 787 2462 11.
808 2431 885 2463 045.
905 2430 1173 2472 intellegendus
1193 2433 1259 2461 est.
1323 2429 1448 2471 Coepio
1464 2433 1494 2461 2.
1523 2431 1679 2470 Quintus
1697 2430 1872 2462 Servilius
1891 2430 2013 2472 Caepio

306 2500 377 2520 cos.
406 2500 437 2520 a.
457 2499 489 2519 u.
509 2488 585 2519 (348.
606 2489 641 2518 in
673 2487 931 2529 proconsulatu
961 2487 1093 2518 victus.
1186 2485 1272 2504 5⁵·”53
1307 2486 1372 2517 Gn.
1399 2486 1557 2517 Manlius
1577 2476 1785 2525 ⁵Maximns,
1820 2496 1892 2517 cos.
1921 2496 1952 2517 a.
1980 2496 2012 2516 11.

305 2544 381 2576 (549.
476 2544 620 2576 Dionaei
647 2542 753 2585 Caes.]
786 2545 887 2584 Very.
909 2532 974 2573 001.
995 2543 1054 2572 ΙΧ.
1075 2542 1128 2573 47.
1148 2542 1170 2573 i.
1193 2553 1222 2573 e.
1243 2543 1287 2573 ab
1314 2543 1439 2574 Aenea
1465 2543 1617 2574 Veneris
1650 2542 1723 2574 filio
1749 2542 1925 2584 originem
1951 2542 2013 2572 du-

306 2604 434 2634 centis,
511 2599 597 2619 5³⁵⁹
624 2601 713 2631 Haec
741 2609 879 2641 quoque
907 2599 952 2629 ad
978 2602 1143 2639 quartum
1169 2598 1257 2629 belli
1284 2598 1419 2629 Gallici
1446 2609 1576 2630 annum
1603 2598 1650 2638 (u.
1669 2597 1762 2638 699.)
1788 2598 2013 2639 pertinentia

307 2668 349 2688 ex
374 2657 480 2688 Floro
507 2655 588 2696 (ΙΙΙ.
611 2655 677 2696 10.)
706 2655 952 2697 explicantur:
986 2679 1039 2693 „..
1059 2654 1183 2685 (15105111-
1214 2654 1311 2685 ultra
1337 2654 1514 2685 Mosulam
1546 2654 1670 2686 navali
1695 2657 1804 2696 ponte
1830 2657 2013 2694 transgre-

305 2713 401 2744 ditur
425 2714 612 2754 ipsumque
640 2712 822 2750 Rhenum,
859 2714 894 2741 et
919 2710 1116 2751 Hercyniis
1148 2710 1286 2741 hostem
1313 2711 1442 2751 quaerit
1468 2711 1504 2741 in
1529 2710 1652 2751 silvis,
1685 2710 1749 2741 sed
1774 2710 1809 2740 in
1835 2709 1950 2741 saltus
1977 2711 2013 2739 et

306 2769 456 2810 paludes
489 2778 602 2810 genus
636 2778 739 2799 omne
772 2767 982 2808 diffugerat:
1016 2769 1156 2796 tantuin
1187 2767 1333 2807 pavoris
1359 2767 1513 2797 incussit
1538 2767 1634 2797 intra
1658 2766 1775 2807 ripam
1801 2765 1919 2796 subito
1944 2765 2012 2795 Ro-

307 2835 413 2855 mana
439 2825 504 2856 vis.
523 2835 591 2855 nec
617 2823 728 2855 semel
754 2822 899 2854 Rhenus
931 2824 966 2852 et
997 2821 1126 2852 iteruin
1159 2832 1297 2862 quoque
1332 2825 1367 2853 et
1399 2822 1541 2863 quidem
1573 2825 1680 2863 ponte
1714 2823 1812 2853 facto
1844 2823 2012 2862 penetra-

306 2884 363 2911 tus
389 2884 454 2911 est.
504 2880 567 2911 sed
592 2880 706 2911 maior
731 2878 919 2919 aliquanto
944 2877 1151 2919 trepidatio,
1180 2878 1310 2919 quippe
1331 2887 1410 2908 cum
1428 2877 1590 2909 Rhenum
1608 2878 1662 2909 sic
1679 2881 1787 2919 ponte
1807 2877 1910 2917 quasi
1928 2877 2012 2918 iugo

308 2939 453 2977 captum
478 2936 663 2974 viderent,
697 2935 785 2976 fuga
810 2944 930 2966 rursus
955 2934 992 2965 in
1017 2933 1130 2965 silvas
1156 2943 1198 2964 ac
1222 2932 1392 2974 paludes,
1427 2936 1479 2973 et,
1514 2934 1606 2975 quod
1633 2933 1907 2964 acerbissimum
1934 2931 2011 2962 Cae-

307 2992 380 3021 sari
406 2992 492 3030 fuit,
520 3002 591 3022 non
617 2992 715 3022 fuere
744 2991 803 3031 (1111
828 2990 1094 3022 vincerentur.''
1122 2988 1177 3020 Cf.
1198 2988 1289 3021 Suet.
1310 2988 1401 3020 Cres.
1422 2989 1474 3020 25.
1494 2995 1557 3020 ete.

397 3068 424 3087 ⁵⁰
449 3069 539 3100 dolis
566 3072 596 3100 1.
616 3069 655 3109 (-
671 3070 710 3109 -)
729 3070 791 3099 sed
815 3071 866 3100 etl.
887 3071 925 3100 11.
945 3073 1036 3100 recle
1063 3069 1155 3100 dolis
1183 3068 1266 3107 (νὴ
1338 3066 1366 3086 5⁴
1392 3068 1551 3107 dederit,
1580 3069 1608 3099 1.
