2081 3517
300 223 347 246 AD
365 226 576 250 ELECTORES
595 229 818 259 RELIQVOSQ.
838 233 1089 258 GERMANORVM
1107 237 1301 260 PRINCIPES
1321 239 1465 262 CARMEN
1484 242 1641 267 EXHORT.
1724 228 1820 274 203

385 331 490 369 More
516 335 608 370 velut
635 336 734 371 victis
759 338 904 374 rediens
935 339 1136 377 Cornarius
1160 341 1299 379 Histris

315 397 365 424 320
387 389 472 425 Cum
502 390 592 426 duce
619 391 817 438 Pyymoeo?
844 399 928 440 quot
951 406 1075 432 secum
1103 400 1247 435 ‘inversa
1284 401 1473 438 trahebant

383 446 549 482 Dedecus
571 450 608 482 in
635 452 791 484 vestrum
822 451 1038 488 Germanica
1064 455 1185 501 sigyna,
1215 462 1298 502 quot
1324 459 1406 493 altis

384 502 561 538 Turribus
588 505 734 539 avzdsas
764 508 923 552 aquilas,
955 510 1082 555 quibus
1109 512 1166 546 ille
1192 514 1394 559 trophoeum
1423 520 1476 551 est

379 559 535 605 Eri9ere
563 561 600 595 in
626 562 790 606 propriis
815 566 1030 600 temerarius
1060 567 1194 603 cedibus
1219 574 1354 606 ausus?

381 615 489 650 Edita
518 627 599 661 quse
621 616 763 662 fuerint
782 621 815 653 et
835 630 918 665 (μαι)
941 625 1148 666 spectacula
1172 625 1209 660 in
1239 627 1327 670 illis,

311 679 361 705 325
381 670 452 713 Qui

480 671 555 706 ludi
583 677 616 707 et
642 672 802 718 chorea‘,
833 687 914 721 (μαι)
945 688 1033 712 cena
1064 679 1248 726 infanda?
1278 688 1364 729 quot
1390 685 1461 720 illic

377 726 521 762 Iactata
547 726 630 774 (heu
660 729 792 776 dicam)
822 737 934 777 caput
961 735 997 768 in
1026 737 1202 772 iocularia
1231 744 1413 776 vestrum?

378 785 434 818 An
460 785 550 819 satis
576 783 669 820 hoc?
697 787 810 831 quod,
837 793 937 823 sueta
959 790 1058 836 foret
1081 793 1114 827 si
1143 798 1258 830 marte
1282 797 1377 832 virili

388 839 560 885 Vincere,
593 845 627 877 et
655 842 787 888 insigyni
813 846 965 880 venisset
991 848 1110 893 gloria
1137 846 1258 895 facto,

385 896 533 931 Victrici
558 897 686 944 fuerat
710 898 844 945 forsan
875 902 1056 938 tolerabile
1081 907 1199 950 parti,

308 962 358 989 330
380 953 460 988 Non
484 954 677 1000 improviso
706 966 787 990 cum
816 958 922 993 milite
940 971 1070 1006 pugna
1097 960 1227 1008 fuisset

378 1010 529 1045 Tradita
559 1015 662 1046 eunte
687 1012 761 1058 fide
782 1014 898 1059 paulo
928 1020 1028 1059 ante,
1061 1027 1128 1053 nec
1154 1020 1296 1065 impare
1325 1026 1463 1058 tantum

375 1067 460 1102 Cum
489 1077 659 1111 numero,
689 1070 754 1104 oisc
783 1071 895 1114 mille,
927 1072 1045 1108 decem
1079 1085 1159 1110 cum
1187 1087 1283 1112 ccesa
1311 1078 1468 1124 fuerunt

374 1122 532 1158 Millibus
561 1127 594 1159 et
621 1125 720 1160 nullo
754 1125 897 1173 direpta
929 1133 962 1163 et
989 1134 1096 1175 capta
1128 1135 1244 1167 tuente

375 1179 438 1214 Tot
464 1180 562 1215 loca.-
592 1181 673 1216 laus
699 1183 844 1228 ingyens,
870 1183 1021 1229 facinus
1051 1189 1300 1225 memorabile!
1330 1193 1433 1228 cuius

301 1245 351 1270 335
371 1235 451 1271 Iam

476 1238 574 1283 piyet
602 1242 780 1283 auctores,
810 1241 890 1274 olim
919 1245 953 1275 et
979 1244 1178 1279 meminisse
1204 1245 1347 1290 dolebit,

370 1292 477 1327 Nunc
507 1303 650 1340 quoque
676 1296 739 1340 qui
766 1294 799 1342 (o
826 1297 965 1344 superi)
995 1302 1044 1334 tot
1067 1299 1187 1346 fracti
1211 1303 1373 1339 cladibus
1403 1307 1536 1342 audent

367 1348 523 1395 Pinyere
551 1351 760 1386 mandentes
787 1353 947 1388 victricia
976 1356 1080 1401 siqua
1111 1357 1246 1402 leones,

368 1405 415 1440 Et
443 1405 588 1441 laceras
617 1408 775 1453 aquilas,
807 1413 840 1443 ct
867 1411 975 1445 amici
1000 1412 1072 1446 lilia
1108 1412 1218 1457 Galli,

368 1462 587 1509 Cantieaque
612 1464 798 1509 impressis
828 1466 1015 1501 mordacia
1032 1470 1202 1514 pandere
1228 1473 1351 1507 cartis.

298 1526 347 1551 340
369 1518 522 1554 Naturae
551 1520 670 1555 vitium
698 1524 731 1555 et
768 1521 893 1557 Veneti
914 1526 1071 1569 qemeina
1095 1529 1271 1571 procacis

365 1575 433 1610 Est
458 1576 647 1611 inimicicia
677 1576 757 1612 hcec
785 1581 917 1622 tecum,
949 1580 1163 1626 Germania,
1195 1585 1256 1619 cui
1282 1588 1318 1620 tu

363 1632 411 1666 Et
439 1642 565 1678 reyum
594 1636 648 1668 est
675 1634 864 1680 despectus
889 1636 1020 1672 honos:
1052 1639 1105 1673 sic
1132 1646 1271 1676 evomat
1299 1652 1402 1678 omne

372 1688 482 1724 Virus
510 1692 543 1724 et
572 1689 741 1735 effundat
761 1702 835 1738 per
859 1693 984 1728 inania
1013 1695 1122 1730 verba
1145 1697 1340 1744 maliqnum

362 1744 409 1780 In
436 1749 468 1780 te
499 1747 678 1784 animum;
708 1751 743 1783 tu
774 1750 873 1784 vince
902 1761 1034 1795 manu,
1065 1756 1101 1787 tu
1130 1755 1282 1789 contude
1309 1755 1421 1801 factis

294 1809 343 1835 345
364 1801 519 1838 Cervicis
547 1802 654 1838 durce
679 1806 877 1851 populum,
906 1810 942 1842 tu
962 1809 1062 1852 pelle
1087 1806 1281 1855 tyrannos,

362 1858 538 1894 Nobilium
568 1861 631 1905 qui
654 1871 784 1896 nomen
807 1861 958 1906 habent,
983 1875 1214 1913 pravumque
1243 1873 1427 1905 senatum!

367 1914 478 1961 thue
504 1917 763 1961 triumphatum
787 1919 921 1965 pelayo
951 1922 1120 1956 mentitur
1152 1922 1342 1969 Othonem,

365 1970 418 2006 Tu
441 1982 583 2018 quoque
604 1974 704 2008 vince
728 1976 841 2009 mari:
869 1986 986 2022 neque
1015 1979 1107 2013 enim
1134 1980 1211 2014 sine
1232 1982 1415 2028 puppibus
1439 1985 1536 2019 illum

360 2027 428 2063 Est
454 2039 637 2074 superare
667 2030 808 2066 datum.-
829 2043 950 2078 parvo
981 2035 1157 2070 molimine
1185 2037 1313 2073 classis

290 2091 340 2116 350
361 2084 527 2129 Corruet,
556 2090 589 2120 et
617 2087 759 2133 trepida
784 2093 960 2124 nascetur
989 2091 1025 2125 in
1052 2091 1141 2127 urbe
1165 2094 1344 2130 tumultus.

360 2140 388 2183 Q
394 2152 450 2175 aaz

481 2142 615 2177 decora
646 2144 728 2179 inde
756 2144 831 2187 tibi,
858 2147 983 2192 quales
1012 2149 1175 2183 orientur
1199 2149 1372 2196 honores,

359 2197 482 2233 Gloria
507 2203 643 2244 quanta
678 2204 775 2235 titum
804 2212 932 2238 nomen
961 2204 1156 2251 laudesque
1181 2207 1395 2250 manebunt,-

360 2254 392 2288 T
390 2258 518 2290 eutona
547 2265 587 2291 se
614 2258 759 2302 quantis
784 2259 916 2294 attollet
946 2265 1046 2295 terra
1074 2263 1284 2308 triumphis,

355 2310 431 2346 Res
456 2322 598 2358 quoque
626 2324 734 2359 quam
754 2317 889 2360 poterit
912 2317 1031 2352 lcetari
1054 2318 1200 2363 publica
1229 2319 1377 2364 Christi,

286 2375 335 2400 355
356 2367 423 2403 Cui
448 2368 587 2404 domitis
619 2370 736 2406 aditus
763 2371 814 2405 ad
838 2374 1000 2408 maxima
1025 2373 1131 2420 facta
1155 2376 1333 2421 patebunt

352 2423 542 2469 Adriacis,
572 2429 640 2462 toto
659 2432 852 2474 postquam
882 2429 1063 2465 discordia
1093 2441 1205 2478 reyno

355 2479 600 2517 Christicolum
627 2483 717 2518 duce
742 2488 773 2519 te
799 2484 919 2530 fuerit
941 2486 1099 2531 sublata,
1129 2488 1302 2534 fovebant

356 2536 469 2579 Quam
510 2538 649 2574 Veneti!
676 2540 824 2576 Interea
852 2552 898 2576 ne
925 2548 1063 2578 sancite
1094 2545 1236 2580 vincula
1259 2549 1385 2592 pacis,

353 2592 462 2628 Nesca
491 2596 599 2630 trium
629 2607 754 2642 reyum
780 2599 913 2634 coelesti
935 2601 1076 2635 vincula
1107 2601 1259 2647 dextra,

285 2660 334 2689 360
355 2648 443 2685 Arte

472 2651 596 2697 aliqua
620 2653 749 2688 iniecta
779 2655 835 2690 vel
862 2657 1067 2701 suspicione
1096 2659 1151 2693 vel
1178 2663 1259 2694 astu

351 2705 627 2754 Dissolvantque
653 2710 743 2745 dolis
771 2722 840 2746 neu
860 2711 1006 2758 foedera
1036 2717 1135 2749 tanta
1166 2719 1306 2751 caveto:

351 2762 444 2798 Nam

170 2889 213 2910 ³¹⁰
240 2889 296 2924 Cf.
315 2903 347 2925 v.
367 2895 444 2928 271.

81 2944 125 2965 ³2⁹
144 2946 344 2991 ‘tolerabile
364 2951 394 2980 1.

475 2765 546 2799 nisi
565 2766 636 2800 tale
658 2766 798 2813 nephas
826 2769 955 2814 vapido
982 2771 1031 2805 nil
1056 2775 1205 2815 pectore
1234 2777 1398 2816 versant,

506 2895 550 2917 3²⁰
567 2897 711 2940 pigmeo
731 2901 761 2931 1.
821 2901 990 2933 Alviano?
1015 2902 1061 2934 cf.
1080 2912 1189 2945 supra
1215 2915 1271 2937 vv.
1290 2904 1366 2936 271.
1386 2915 1437 2947 sq.
1485 2905 1529 2927 ³2²
1553 2907 1740 2948 tropheum
1759 2911 1789 2942 1.

458 2950 499 2971 33¹
526 2954 577 2984 De
598 2965 713 2995 pugna
730 2957 822 2996 apud
838 2957 1041 2999 Agnadello
1067 2960 1134 2991 sive
1152 2960 1260 2992 Vaila
1277 2962 1344 2992 sive
1364 2961 1500 2994 Ghiara
1518 2963 1654 2995 d'Adda
1679 2966 1711 2996 d.
1732 2967 1787 2997 14.

82 3002 170 3034 Maii
192 3014 223 3036 a.
243 3006 341 3038 1509.
360 3008 523 3049 intellego.
594 3008 638 3029 3³⁷
661 3012 851 3044 uiettriciva
877 3016 907 3045 1.
977 3013 1022 3034 ³40
1045 3015 1182 3048 Nature
1201 3019 1230 3048 1.
1295 3016 1338 3036 ³⁴⁶
1365 3019 1424 3059 qni
1443 3021 1472 3050 1.
1543 3017 1588 3039 ³⁴¹⁷
1614 3020 1664 3060 Cf.
1682 3031 1788 3062 supra

80 3069 128 3090 vv.
148 3060 224 3091 146.
242 3070 293 3103 sq.
313 3064 388 3095 151.

458 3063 501 3084 35⁹3
532 3065 651 3107 pacis]
678 3067 822 3106 foederis
850 3070 1109 3104 Cameracensis,
1187 3072 1230 3091 ³5⁹
1258 3073 1364 3105 trium
1382 3074 1520 3118 regum]
1548 3076 1785 3116 HIaoeimiliani,

80 3114 288 3148 Ferdinandi
310 3120 480 3159 catholici,
509 3121 672 3154 Ludovici
699 3126 764 3155 XII.
837 3124 879 3144 3⁰⁰
905 3128 941 3157 in
966 3128 1065 3159 ieeta
1084 3130 1115 3159 1.
