2081 3517
261 205 352 250 194
429 224 476 245 AD
493 223 703 245 ELECTORES
723 221 944 248 RELIQVOSQ.
964 218 1217 240 GERMANORVM
1236 217 1431 239 PRINCIPES
1450 216 1595 237 CARMEN
1615 216 1773 237 EXHORT.

518 327 568 362 Et
587 327 700 372 yenti,
728 335 808 371 quoe
831 326 1001 368 prompta
1029 320 1101 366 fuit
1126 320 1323 366 defendere
1349 320 1520 355 honorem

521 384 624 419 Sedis
651 381 856 426 apostolicce
886 379 1078 422 totiensque
1100 386 1174 422 per
1203 387 1309 410 arma
1335 378 1443 419 tueri,

523 440 714 474 Germana¹
739 435 927 470 arbitrium
955 437 1105 468 ventura
1134 434 1170 467 in
1201 433 1298 466 secla
1328 432 1481 467 creandi

519 495 824 538 Induperatores‚
855 489 900 523 ab
929 489 1052 523 eadem
1079 490 1117 523 in
1143 488 1284 534 foedere
1310 492 1405 523 tanto

469 564 500 587 30
521 551 678 594 Accepta
708 549 851 582 iurante
879 545 968 591 fide,
998 545 1082 590 fore
1108 554 1253 590 semper
1279 549 1317 579 ut
1345 544 1423 579 illos

528 605 688 646 Viribus,
720 603 856 637 auxilio
889 605 996 647 atque
1026 602 1139 635 armis
1166 600 1361 646 opibusque
1385 601 1524 635 iuvaret

518 662 564 697 In
591 661 700 695 decus
730 658 873 704 augusti
898 657 962 692 sed
986 658 1170 700 culminis,
1202 658 1310 703 inque
1337 657 1487 691 salutem

516 717 680 753 Humani
705 715 849 761 yeneris
878 717 1015 748 sanctce
1044 717 1078 748 et
1104 722 1217 758 super
1243 714 1363 748 omnia
1394 713 1522 747 matris

518 773 710 814 Ecclesice,
741 775 849 816 utque
878 779 989 805 onere
1011 769 1112 805 haud
1131 780 1253 815 parvo
1285 773 1468 804 constaret
1493 768 1644 813 adeptus

469 841 502 865 35
526 829 662 864 Tantus
684 827 800 862 honor
829 827 984 872 (merito,
1014 835 1129 871 neque
1158 826 1250 860 enim
1278 825 1462 860 sublimior
1491 825 1584 859 ullus

518 885 645 920 Posset
669 885 706 918 in
733 882 817 917 orbe
846 881 943 928 dari)
974 881 1034 916 tibi
1059 883 1130 925 sie,
1162 881 1377 924 Germania,
1407 882 1488 916 iure

520 942 632 977 Cessit
658 939 776 975 Roma
805 949 890 981 suo,
920 940 975 973 sic
1003 942 1037 972 et
1064 938 1124 972 tibi
1151 947 1302 972 mamere
1337 937 1471 980 Tibris,

518 997 666 1039 Rhene,
698 996 821 1030 datum
851 995 1016 1040 nunquid
1038 995 1195 1028 retinere
1225 993 1370 1040 negabis
1395 992 1567 1028 honorem

517 1054 564 1087 Et
589 1061 709 1098 reqem
735 1051 871 1097 fulcire
903 1053 1026 1085 tuum?
1055 1051 1115 1085 cui
1142 1053 1299 1096 quantus
1327 1049 1480 1083 habetur

467 1121 500 1145 40
522 1109 661 1151 Cultus,
692 1109 794 1143 adest
814 1108 893 1142 laus
922 1111 1021 1141 tanta
1051 1105 1128 1144 tibi;
1156 1110 1398 1152 quantumque
1428 1109 1597 1140 verentur

516 1166 641 1208 Illum,
674 1168 705 1199 te
734 1167 895 1198 metuunt
915 1172 1059 1203 omnes‚·
1084 1166 1328 1208 quantumque
1352 1161 1492 1207 favebis

519 1222 704 1267 Augustis,
737 1224 770 1255 et
799 1224 918 1254 tantus
946 1221 1032 1254 eris.
1090 1217 1193 1253 Proh
1221 1219 1375 1253 nominis
1395 1218 1476 1253 olim

518 1278 678 1314 Ccesurei
705 1276 853 1312 sublime
883 1276 1013 1319 decus,
1045 1276 1247 1309 reverentia
1278 1280 1310 1308 et
1338 1275 1464 1320 inqens

519 1333 715 1376 Maiestas,
752 1333 890 1379 diffusa
916 1333 1041 1378 polum
1068 1341 1138 1377 per
1168 1334 1380 1377 utrumque!
1410 1329 1552 1365 timebat

468 1402 500 1426 47,
521 1389 625 1432 Quod
651 1389 804 1435 Scytha,
831 1388 927 1435 quod
957 1389 1156 1431 Garamas,
1189 1387 1381 1422 exhorruit
1408 1387 1531 1421 ultima
1558 1385 1691 1431 Thyle:

518 1447 675 1481 Decolor
704 1445 823 1480 amlilo
852 1456 920 1491 quo
950 1446 1091 1480 nomine
1115 1445 1248 1490 palluit
1272 1443 1410 1479 Indus:

522 1503 673 1545 Taleize,
705 1502 929 1548 bellipotens,
960 1501 1027 1536 sub
1058 1505 1106 1544 te,
1141 1500 1355 1542 Germania,
1386 1508 1515 1534 nomen

523 1559 659 1594 Obduci
681 1560 821 1604 patiere
849 1559 937 1601 situ,
967 1562 1014 1593 tot
1038 1567 1173 1603 reyna,
1205 1560 1253 1591 tot
1281 1555 1389 1591 urbes

524 1615 656 1661 Totque
685 1614 795 1649 duces
820 1614 1012 1659 complexa
1042 1615 1113 1648 tuis
1142 1615 1178 1647 in
1204 1612 1362 1658 finibus?
1388 1621 1473 1658 erqo

470 1682 503 1706 50
524 1671 603 1705 Par
632 1670 712 1706 orbi
737 1671 833 1717 quod
852 1670 971 1705 Romu
1000 1671 1077 1705 tulit
1100 1669 1255 1714 coeloque
1279 1669 1423 1711 locavit,

523 1727 572 1762 Te
603 1727 705 1762 modo
732 1737 828 1762 nunc
854 1727 918 1761 tali
941 1730 1110 1773 tantaque
1134 1729 1250 1760 tuente
1276 1724 1429 1760 iacebit?

521 1784 690 1818 Reddidit
718 1788 751 1818 et
785 1783 923 1818 Tiberis
952 1783 1047 1829 quod
1070 1781 1300 1828 formidabile
1329 1780 1479 1823 mundo,

520 1840 719 1875 Innumero
749 1840 892 1874 adiutus
915 1841 1085 1875 vilescere
1108 1838 1257 1883 flumine
1287 1841 1426 1879 tantus,

522 1896 667 1939 Rhene,
698 1895 822 1942 feres?
846 1905 1066 1941 proceresne
1094 1896 1218 1940 ferent
1245 1894 1455 1940 coqnomina
1483 1891 1611 1938 Moyus

469 1963 500 1986 55
521 1953 595 1988 Dat
622 1952 748 1998 quibus
757 1967 766 1991 ;
796 1956 902 1997 atque
931 1953 1018 1991 tuis,
1048 1951 1163 1986 vicina
1191 1951 1350 1993 Colonia,
1382 1950 1495 1995 ripis:

525 2009 652 2045 Trevir
681 2013 715 2043 et
741 2009 929 2053 (mitissimis,-
959 2008 1014 2043 vel
1037 2008 1173 2053 origine
1200 2007 1324 2041 clarus
1353 2004 1525 2041 Othonum

523 2064 648 2104 Saoeo;
677 2065 871 2100 Palatinus
898 2065 1004 2099 titulis
1034 2068 1068 2098 et
1093 2063 1228 2098 habere
1255 2062 1416 2108 superbit

524 2121 573 2156 Te
601 2122 662 2167 qui
684 2123 762 2156 iure
786 2122 882 2160 suis‚·
907 2121 1093 2166 Albimque
1115 2121 1232 2155 locata
1267 2119 1458 2165 Visuryum

521 2179 636 2224 Atque
668 2179 761 2213 inter
787 2179 884 2223 reqio
912 2187 1009 2212 nunc
1037 2176 1209 2212 Marchia
1237 2177 1380 2211 nomine
1389 2191 1400 2215 ;
1429 2175 1556 2221 cuique

344 2298 373 2318 ²⁶
399 2298 605 2330 deffendere
631 2301 663 2330 1.
739 2298 767 2318 '2⁶³
794 2298 990 2340 Germane:
1019 2298 1209 2329 arbitrium
1235 2301 1271 2328 et
1297 2295 1397 2327 secla
1422 2296 1456 2326 1.
1531 2293 1558 2313 ²⁹
1584 2293 1708 2324 federe
1734 2295 1766 2324 1.
1845 2291 1874 2312 ³²
1899 2302 1961 2324 au-

256 2356 354 2398 gusti
387 2352 566 2396 culminis]
602 2356 624 2386 i.
642 2365 671 2386 e.
690 2355 908 2395 imperatorii.
1001 2353 1029 2373 33
1060 2354 1155 2386 hum.
1176 2350 1271 2395 gem]
1298 2353 1320 2383 i.
1347 2362 1375 2383 e.
1390 2361 1506 2392 papce.
1548 2350 1598 2381 Iis
1629 2351 1712 2390 ipsis
1738 2350 1814 2389 fere
1847 2349 1963 2380 diebus

257 2417 333 2442 ante
359 2405 444 2454 quos*
464 2412 526 2443 hoc
550 2421 682 2442 carmen
707 2415 910 2451 conpositum
935 2420 1007 2441 esse
1031 2411 1171 2445 videtur,
1198 2412 1342 2440 eoeeunte
1360 2407 1546 2439 Februario
1573 2407 1653 2437 anni
1669 2407 1766 2437 1510.
1787 2407 1904 2437 Iulium
1921 2408 1962 2437 11.

256 2479 325 2499 cum
356 2469 493 2499 Venetis
520 2478 639 2508 pacem
674 2468 851 2509 saulusque
884 2471 1005 2497 contra
1032 2467 1143 2498 Gallos
1164 2466 1289 2505 fecisse
1320 2467 1464 2495 constat.
1558 2461 1587 2482 ³5
1617 2462 1747 2494 honor:
1776 2462 1904 2494 merito
1930 2464 1962 2493 1.

256 2524 284 2542 ³⁰
309 2524 406 2555 dari:
432 2523 501 2555 tibi
519 2525 548 2554 1.
619 2522 646 2543 ⁴2
674 2524 762 2554 eris:
790 2523 878 2564 proh
897 2524 928 2553 1.
998 2522 1054 2554 42.
1074 2519 1164 2563 sqq.]
1192 2522 1300 2562 Reyes
1320 2521 1556 2552 Germanorum
1578 2520 1657 2551 inde
1683 2529 1703 2549 a
1723 2518 1857 2550 Coesare
1874 2518 1962 2549 Iulio

258 2581 473 2622 Augyustoque
501 2578 678 2611 Octaviano
705 2579 870 2610 deducere
903 2579 1034 2619 recepti
1056 2580 1156 2610 moris
1177 2578 1256 2618 fuit.
1348 2575 1378 2596 44
1401 2577 1595 2608 Maiestas:
1629 2575 1761 2607 diffusa
1785 2574 1906 2616 polum
1931 2577 1962 2606 1.

257 2635 284 2655 5⁴
310 2634 490 2678 proceres]
515 2640 641 2677 septem
665 2638 828 2667 electores
852 2637 1085 2676 conpellantur
1116 2636 1234 2665 misere
1267 2634 1430 2665 contortis
1461 2633 1742 2674 transpositisque
1772 2630 1897 2668 verbis,
1928 2635 1964 2661 uc

257 2703 390 2724 carmen
414 2694 457 2723 sit
482 2693 572 2734 quod
594 2703 727 2724 carmen
750 2703 815 2724 non
840 2696 901 2723 est.
983 2690 1261 2731 Subscripserunt
1286 2689 1434 2721 recessui
1456 2690 1589 2730 imperii
1615 2688 1710 2720 Uriel
1731 2686 1906 2719 Erzbisch.
1924 2697 1964 2718 zu

261 2751 391 2788 Μαίης,
424 2752 456 2782 in
485 2751 683 2782 Germanz'en
707 2748 933 2785 Erzlcanzler,
966 2747 1070 2778 Iacob
1095 2746 1198 2778 Erzl).
1224 2758 1263 2778 :u
1292 2747 1392 2777 Trier
1423 2747 1457 2777 in
1484 2746 1611 2777 Gallien
1641 2745 1711 2775 und
1732 2743 1855 2775 Arelat
1877 2743 1964 2775 Er:-

258 2807 404 2843 tcunzter,
429 2807 563 2848 Philipp
588 2805 692 2837 Erzb.
710 2816 749 2836 :u
777 2804 857 2836 Co'ln
882 2804 986 2835 durch
1010 2804 1134 2834 ltalien
1159 2802 1385 2842 Erzlsunzler,
1413 2802 1552 2843 Lzulwigy
1577 2800 1763 2842 Pfalzyraf
1780 2799 1842 2840 bey
1858 2800 1964 2831 Rhein

262 2863 516 2899 Er:truchsess‚
544 2862 722 2893 Friedrich
747 2862 886 2901 Herzog
912 2871 951 2891 :u
976 2859 1126 2891 Sachsen
1151 2859 1415 2895 ErunarschaZl,
1448 2868 1510 2889 von
1535 2867 1647 2898 iveyen
1673 2856 1864 2897 Markyraf'
1882 2856 1964 2888 Ioa-

261 2920 341 2950 chim
366 2930 403 2950 :u
428 2919 677 2959 Brandenburg]
703 2917 880 2957 Eitelzcolf
898 2927 959 2948 υοη
984 2916 1080 2947 Stein
1104 2916 1230 2951 meter,
1257 2924 1296 2948 π.
1315 2924 1352 2948 tt.
1449 2924 1554 2955 cogn.
1573 2913 1636 2944 dat
1661 2911 1804 2954 quibus]
1835 2913 1965 2944 archie-

259 2976 391 3015 piscopi
414 2974 612 3016 MoyuntinL
706 2972 734 2992 5⁶
764 2974 977 3005 Trevirorum
1008 2972 1120 3003 urbem
1152 2975 1248 3003 annis
1275 2973 1374 3003 1300.
1395 2975 1472 3002 unte
1499 2971 1631 3002 Romam
1663 2971 1830 3001 condilum
1856 2969 1964 3009 fuisse

262 3041 282 3060 a
319 3030 458 3061 Trebelli
491 3031 718 3062 Semiramidis
744 3032 814 3070 filio
854 3030 1071 3061 somniabant.
1167 3028 1194 3047 ’“
1230 3028 1369 3059 Elector
1403 3029 1575 3059 Palatinus
1615 3031 1663 3057 est
1698 3027 1811 3058 Comes
1845 3026 1960 3057 Rheni.

262 3085 288 3103 ³¹⁹
317 3087 664 3128 Bran«lenburgsensis.
