2081 3517
266 219 358 263 180
393 238 547 260 HELIANI
566 239 611 259 DE
631 239 747 259 BELLO
767 238 862 260 SVSC.
881 237 965 258 ADV.
981 235 1111 257 VENET.
1127 235 1171 255 ΕΤ
1190 234 1327 256 TVRCAS
1347 211 1480 255 ORA'I'IO
1500 234 1669 255 MAxnssL.
1685 234 1769 257 AVG.
1784 235 1907 255 DICTA.

561 340 759 378 Conclusio
787 349 858 386 per
887 336 1256 374 commiserationem
1285 339 1323 372 et
1349 335 1659 373 cohortationem.

173 422 249 453 §.42
376 420 508 464 Nolite,
536 429 605 465 per
625 420 727 454 deum
748 416 1001 457 immortalem,
1030 415 1136 449 nolite
1159 416 1239 460 pati
1263 419 1309 449 tot
1338 416 1490 449 iniurias
1514 417 1675 460 primum
1698 415 1802 457 vobis,
1829 415 1954 449 deinde

260 478 388 511 ceteris
417 476 647 517 Christianis,
683 479 811 520 postea
843 472 907 506 deo
939 471 1161 516 redemptori
1189 475 1312 505 nostro
1337 482 1359 504 α
1399 470 1539 505 Venetis
1568 476 1673 516 atque
1701 483 1722 505 α
1757 470 1885 506 Turcis
1913 472 1952 505 it-

260 534 352 567 latas
381 533 535 578 amplius
564 531 694 565 inultas
720 539 764 563 ac
793 528 985 573 impunitas
1010 536 1104 570 esse,
1145 527 1207 572 qui
1228 528 1263 560 in
1291 528 1556 572 expuqnatione
1583 528 1728 561 orientis
1757 531 1794 561 ut
1821 531 1954 561 coetera

261 588 521 634 nefandissima
544 590 729 632 prceterea
750 586 784 618 in
809 583 970 618 omnibus
996 583 1132 628 templis
1153 587 1215 617 aut
1239 583 1444 617 meretrices
1461 585 1736 626 prostituerunt,
1763 587 1825 617 aut
1847 592 1982 628 equoss

262 644 544 685 stabulaverunt,
585 645 646 675 ααί
674 641 803 685 templa
832 641 912 684 ipsa
945 639 1100 673 demoliti
1128 643 1227 681 sunt,
1268 642 1330 673 aut
1358 637 1591 684 lilaqumedo,
1629 638 1765 673 homini
1789 639 1955 683 impuris-

259 701 347 735 simo
376 710 421 733 ac
448 698 724 743 nefandissimo,
756 705 859 741 quem
879 706 952 741 pro
978 695 1042 729 deo
1073 695 1208 737 colunt,
1240 695 1511 737 dedicaverunt,
1544 704 1625 728 ossa
1644 700 1863 737 sanctorum,
1894 704 1952 728 re-

259 752 343 805 }12‘33?
359 757 414 773 Μ·
433 750 437 804 Ι
468 755 595 799 liquias
616 753 860 786 sanctissimas
882 750 1030 785 canibus
1059 761 1103 785 ac
1117 752 1243 795 porcis
1265 750 1477 792 obiecerunt,
1510 751 1680 795 imaqines
1700 750 1871 795 crucifixi
1892 750 1953 784 do-

261 813 346 846 mini
373 811 488 846 nostri
513 808 598 843 Iesu
624 808 773 850 Christi,
818 806 905 854 (heu
931 808 1070 852 pietas!
1105 806 1174 840 heu
1200 807 1328 851 prisca
1353 807 1480 852 fidesJ)
1515 807 1686 852 imaqines
1711 806 1882 851 crucifixi
1908 805 1958 840 ad

260 867 397 902 caudas
428 875 602 911 equorum
638 864 809 909 ‹leliqatas
841 867 950 898 extra
976 863 1134 897 civitates
1164 863 1199 896 in
1229 867 1351 896 castra
1378 863 1428 896 ad
1452 872 1578 897 sonum
1608 866 1862 908 tympanorum
1892 871 1998 896 ra-to

256 928 401 969 plantes
426 925 531 967 sputo
559 930 728 966 camoque
753 919 934 964 foedantes
959 920 995 952 in
1025 919 1232 952 altissimam
1263 928 1407 952 crucem
1436 921 1564 952 iterum
1594 919 1816 953 sustulerunt
1840 921 1874 952 et
1900 918 1954 951 la-

173 984 248 1014 §.m
260 979 365 1025 pides
393 988 437 1012 ac
459 977 608 1022 saqittas
638 976 858 1010 eiaculantes
885 975 1185 1009 exclamaverunt
1212 973 1281 1007 ‘hic
1310 978 1362 1008 est
1391 974 1478 1008 deus
1509 970 1826 1009 Ctzrz'stianormn’:
1865 973 1954 1007 ludi-

258 1036 371 1069 briam
402 1033 615 1069 Christiana?
638 1033 769 1078 qentis,
806 1031 872 1066 sed
906 1031 1066 1065 maxime
1102 1030 1382 1072 Germanorum,
1415 1039 1531 1074 penes
1556 1039 1645 1075 quos
1674 1031 1861 1075 imperium
1892 1034 1953 1063 est.

257 1102 324 1125 cur
345 1091 452 1135 iqitur
477 1098 538 1124 vos
566 1099 637 1123 non
659 1088 829 1133 prceitis?
859 1097 926 1121 car
956 1097 1026 1120 non
1046 1085 1238 1132 prcefcrtis
1266 1087 1427 1120 victrices
1453 1086 1622 1131 aquilas?
1650 1090 1683 1120 et
1701 1087 1832 1130 reliqui
1851 1085 1953 1120 Chri-

256 1147 366 1181 stiani
393 1155 453 1180 vos
479 1148 675 1190 sequentur
709 1144 884 1179 adversus
923 1142 1071 1177 Venetos
1094 1143 1273 1187 primam,
1303 1143 1366 1187 qui
1394 1146 1476 1176 sunt
1504 1151 1604 1187 seqes
1634 1146 1665 1176 et
1695 1143 1845 1176 materia
1875 1146 1999 1177 tan-15

257 1207 371 1237 torum
402 1201 596 1244 malorum,
636 1200 763 1235 deinde
799 1199 973 1235 atlversus
1000 1200 1097 1243 ipsos
1126 1198 1398 1232 immanissimos
1428 1197 1623 1232 Christiani
1647 1199 1798 1232 nominis
1827 1198 1954 1240 hostes,

259 1258 412 1293 Turcas.
472 1257 566 1291 Nam
590 1258 658 1291 ista
687 1261 804 1291 vestra
831 1256 912 1289 odia
940 1265 984 1289 ac
1003 1254 1093 1289 bella
1117 1255 1208 1288 inter
1227 1263 1287 1290 vos
1314 1255 1486 1295 intestina,
1515 1255 1603 1287 istas
1627 1255 1840 1296 venationes,
1869 1263 1954 1288 con-

257 1315 358 1356 vivia,
382 1318 600 1355 structuras,
627 1313 772 1346 delicias
793 1315 942 1353 vestras,
972 1310 1114 1352 liberos,
1146 1320 1295 1352 uxores,
1325 1309 1420 1344 hanc
1441 1311 1545 1344 vitam
1568 1314 1721 1344 vestram
1747 1321 1818 1344 una
1835 1321 1957 1355 parva

257 1382 373 1412 aura,
400 1380 472 1404 una
493 1380 614 1415 parva
642 1368 821 1414 febricula
847 1368 965 1402 omnia
996 1367 1237 1408 commutabit,
1273 1367 1392 1400 omnia
1422 1370 1648 1411 corrumpet,
1683 1370 1716 1400 et
1741 1367 1851 1410 paulo
1874 1369 1959 1411 post

257 1425 347 1460 nihil
376 1429 490 1460 erant.
552 1429 588 1459 at
618 1434 700 1460 vero
727 1435 807 1470 quse
835 1435 908 1468 pro
935 1423 1162 1468 redemptore
1193 1427 1225 1456 et
1254 1427 1418 1456 creatore
1448 1421 1513 1455 deo
1552 1427 1674 1456 nostro
1710 1421 1872 1467 facietis,
1913 1431 1955 1455 ea
1970 1434 2002 1458 -20

257 1482 351 1517 robis
381 1485 562 1527 perpetua
596 1480 808 1522 manebunt,
848 1484 880 1514 et
902 1479 983 1513 dum
1014 1480 1130 1514 vivetis
1157 1484 1188 1512 et
1218 1479 1300 1512 dum
1332 1478 1382 1512 ad
1404 1477 1616 1524 foeliciorem
1644 1478 1750 1512 vitam
1782 1478 1958 1523 demiqra-

259 1539 346 1581 bitis,
376 1547 520 1583 semper
542 1547 602 1573 vos
619 1537 884 1572 comitabuntur
899 1536 1173 1580 florescentque,
1196 1535 1320 1569 cotidie
1342 1535 1454 1579 maqis
1476 1535 1659 1579 nzaqisque
1685 1539 1825 1568 (eterna
1853 1535 1958 1579 fient.-

258 1605 342 1628 narn
372 1595 408 1628 in
438 1594 518 1628 aliis
547 1594 667 1628 causis
697 1597 729 1627 et
757 1602 800 1627 ea
829 1602 909 1638 quse
932 1591 1066 1626 habetis
1092 1602 1207 1636 pareo
1239 1595 1411 1625 momento
1437 1590 1657 1632 delabentur,
1697 1594 1730 1624 et
1759 1601 1840 1635 quse
1867 1600 1955 1636 per-

257 1651 356 1693 detis,
387 1661 583 1696 numquam
605 1648 864 1694 recuperabitis
874 1662 885 1686 ,·
916 1653 1051 1683 (civero
1072 1649 1106 1681 in
1137 1647 1207 1681 hac
1228 1647 1453 1681 sanctissima
1484 1647 1706 1691 expeditione
1734 1651 1767 1680 et
1792 1657 1872 1692 quce
1892 1646 1956 1680 ha-

257 1706 361 1748 betis,
393 1717 587 1751 numquam
619 1706 792 1747 amittetis,
825 1708 857 1738 et
886 1714 968 1749 quae
993 1703 1165 1749 perdetis,
1193 1704 1228 1737 in
1259 1702 1456 1737 coelestibus
1486 1701 1664 1736 thesauris
1684 1703 1781 1737 omni
1802 1707 1957 1747 tempore
1970 1716 2001 1739 25

170 1769 243 1799 §.42
259 1762 401 1797 condita
436 1763 633 1808 reperietis.
694 1761 792 1806 Erqo
827 1759 1047 1806 perfrinqite
1083 1760 1179 1794 istud
1215 1759 1453 1801 obstaculum,
1491 1758 1683 1803 adoequate
1719 1769 1764 1792 ac
1793 1757 1960 1792 obstruite

259 1820 415 1854 omnium
438 1818 534 1852 hanc
548 1818 873 1864 pestilentissimam
896 1815 1071 1861 mephitim
1097 1826 1141 1849 ac
1167 1817 1354 1856 sentinam,
1386 1813 1483 1848 hanc
1503 1815 1704 1859 voraqinem
1728 1819 1761 1848 et
1783 1815 1955 1860 prcecipi-

258 1877 341 1909 tium
364 1876 519 1910 omnium
539 1875 731 1908 viciorum:
752 1873 935 1908 vendicate
955 1876 987 1905 et
1008 1882 1067 1906 vos
1088 1876 1121 1905 et
1141 1871 1382 1907 Christianzmz
1405 1870 1522 1904 orbem
1546 1871 1581 1904 in
1604 1870 1821 1908 libertatem,-
1841 1871 1960 1905 solvite

257 1941 318 1965 ros
343 1942 364 1965 α
396 1935 491 1965 tanto
520 1934 634 1964 metu!
671 1929 854 1964 eradicate
882 1933 1014 1973 qenus!
1048 1928 1194 1972 potestis
1229 1936 1305 1961 esse
1339 1928 1401 1960 tuti
1435 1927 1467 1960 si
1502 1926 1700 1971 relinquitis
1737 1936 1797 1961 eos
1831 1926 1959 1972 quibus

267 1987 437 2030 Venetice,
469 1985 627 2028 Histria,
659 1985 850 2027 Liburnia,
882 1984 1083 2025 Dalmatia,
1119 1983 1297 2028 Corcyra,
1332 1982 1568 2027 Cephalania,
1601 1981 1828 2028 Zacynthus,
1858 1983 2003 2019 Nau-:30

250 2044 385 2088 plium,
428 2042 534 2078 Creta
567 2052 611 2076 ac
641 2042 783 2088 Cyprus
807 2040 928 2074 adhuc
951 2041 1160 2084 supersint?
1191 2039 1391 2084 Patefacite
1421 2041 1507 2073 istas
1535 2039 1759 2073 execrabiles
1790 2049 1834 2072 ac
1857 2039 1959 2073 diras

251 2104 383 2144 portas
422 2098 655 2140 Venetianas,
693 2108 775 2144 quie
811 2097 946 2131 tamdiu
973 2096 1193 2131 Christianos
1232 2096 1408 2129 adversus
1448 2095 1608 2140 infideles
1637 2095 1814 2140 proqredi
1841 2095 1957 2129 elabo-

258 2159 384 2190 rantes
409 2156 677 2197 continuerunt‚
704 2159 830 2198 postca
862 2153 926 2187 deo
947 2157 1094 2187 auclore
1125 2156 1251 2197 aperto
1272 2155 1388 2185 marte
1409 2150 1603 2185 maioribus
1624 2153 1796 2196 auspiciis
1819 2151 1851 2185 Τ
1850 2161 1960 2186 arcas

257 2212 488 2257 aggressura}
516 2215 548 2245 et
576 2221 618 2245 ea
641 2211 791 2255 pietate,
823 2221 894 2255 qua
915 2209 1177 2243 sanctissimwn
1203 2208 1383 2242 dominum
1414 2211 1572 2241 nostrum
1598 2207 1729 2241 Iulium
1756 2207 1960 2253 pontificem

257 2269 473 2311 maximum,
504 2278 575 2312 qua
607 2266 943 2302 Christianissimum
973 2268 1134 2300 nostrum
1162 2263 1393 2298 Francorum
1425 2262 1559 2308 Reqem
1585 2267 1618 2297 et
1639 2262 1855 2298 Catholicum
1886 2262 1959 2297 Re·
1972 2277 2003 2302 35

256 2334 333 2370 qem
355 2325 577 2369 Araqonum,
607 2323 795 2367 principes
815 2322 1104 2367 sapientissimos,
1133 2324 1273 2354 eaeactce
1301 2320 1415 2353 (elatis
1434 2323 1466 2353 et
1493 2321 1849 2354 consuimnatissimte
1870 2320 1958 2362 vilse,

259 2386 331 2415 tres
377 2381 557 2414 columnas
596 2378 836 2415 Clu-istianam
883 2378 1087 2422 reliqionem
1126 2377 1200 2410 suis
1237 2376 1396 2410 hameris
1432 2379 1670 2409 sustentantes
1708 2385 1786 2410 esse
1824 2376 1958 2418 videtis,

257 2436 379 2471 eodem
405 2440 438 2470 et
464 2446 542 2479 vos,
574 2446 593 2470 0
624 2433 875 2468 Maximitianc
903 2435 1070 2478 Auquste,
1097 2442 1275 2477 proceres
1302 2436 1334 2466 et
1360 2432 1516 2466 civitates
1542 2432 1684 2476 imperii
1708 2431 1875 2474 Romani,
1901 2433 1963 2477 qui

251 2493 378 2538 prima
407 2491 625 2527 sustinendce
653 2490 822 2525 libertatis
854 2500 897 2522 ac
930 2489 1110 2534 retulimus
1136 2489 1301 2522 columna
1329 2497 1406 2522 esse
1434 2487 1587 2530 (lebetis,
1620 2492 1653 2522 et
1682 2488 1801 2522 animo
1829 2493 1862 2522 et
1880 2489 1957 2532 pie-

258 2553 328 2583 tate
363 2558 440 2583 esse
476 2548 625 2583 debetis:
664 2557 749 2580 nam
790 2547 860 2580 nisi
896 2545 948 2579 itti
982 2545 1150 2579 vidissent
1186 2544 1370 2578 excidium
1404 2553 1449 2578 ac
1485 2545 1613 2578 ruinas
1641 2555 1663 2577 a
1703 2543 1843 2578 Venetis
1873 2548 1905 2578 et
1935 2555 2003 2582 am

262 2604 625 2640 TurcisChristianis
653 2603 838 2638 imminere
869 2602 1174 2645 certissimamque
1206 2601 1388 2635 victoriam
1419 2604 1630 2645 sperarent,
1663 2611 1847 2645 nunquam
1867 2611 1957 2645 pro-

172 2660 353 2707 §.4S.fecto
382 2665 523 2706 tamque
547 2661 639 2694 iusta
667 2669 712 2693 ac
738 2660 820 2703 pia,
861 2662 931 2691 tam
968 2661 1095 2691 sancta
1124 2656 1299 2691 adversas
1328 2666 1387 2690 cos
1417 2667 1523 2690 arma
1552 2658 1797 2701 sumpsissent.
1857 2656 1958 2698 Dixi,

261 2728 280 2751 o
311 2717 477 2752 Romane
506 2715 726 2761 Imperator,
756 2725 775 2749 0
799 2714 1051 2759 qtoriosissime
1075 2724 1118 2747 ac
1150 2713 1471 2747 exuberantissime
1501 2712 1587 2746 deus
1613 2712 1830 2757 redemptor,
1862 2712 1960 2746 dixi:

261 2777 293 2807 et
319 2774 352 2807 si
379 2773 466 2818 quid
491 2772 653 2818 profeci,
693 2771 832 2817 qaudeo
871 2770 1029 2809 divisse,-
1065 2769 1192 2815 quodsi
1229 2770 1334 2803 etiam
1364 2768 1454 2803 nihil
1475 2768 1642 2814 profeci,
1678 2772 1795 2803 tamen
1821 2768 1959 2814 ιᾳαιιιίθο

349 2881 375 2902 ¹9
402 2892 490 2914 arua
516 2884 590 2913 1.2.
624 2877 980 2912 ef.1sai.LV11.13.
1015 2878 1057 2917 (E
1084 2888 1188 2909 sacro
1222 2881 1395 2919 suggestu
1428 2878 1628 2908 orationem
1659 2876 1796 2909 habere
1828 2877 1960 2918 incipit

262 2937 454 2979 vulpecula
481 2936 655 2976 Gallica.)
747 2934 777 2954 ²²
804 2932 953 2976 cotidie]
982 2935 1045 2965 vult
1071 2934 1107 2964 in
1133 2934 1220 2964 dies.
1315 2932 1342 2952 ²³
1369 2933 1568 2965 dillabenf:
1596 2936 1626 2965 1.
1705 2932 1732 2952 ²5
1760 2933 1806 2965 cf.
1828 2943 1956 2975 evang.

261 3002 335 3024 see.
353 2992 480 3024 Matth.
499 2993 541 3023 X.
561 2991 615 3024 39.
634 2993 747 3023 Marc.
766 2990 866 3022 VIII.
886 2989 940 3022 35.
960 2990 1048 3021 Luc.
1068 2989 1129 3020 IX.
1148 2989 1201 3020 24.
1293 2987 1360 3009 ²⁷23
1384 2989 1621 3031 precipicium
1647 2991 1677 3020 1.
1764 2987 1830 3008 ³⁰⁵¹
1862 2989 1957 3020 Nau-

262 3046 384 3089 plium]
407 3049 478 3088 feci
501 3059 546 3079 ea:
571 3047 710 3079 staculfi
738 3050 767 3078 1.
796 3046 900 3077 simul
919 3048 950 3077 2.
984 3049 1110 3077 rectius
1134 3044 1300 3086 Nauplia,
1330 3045 1455 3087 Napoti
1479 3047 1514 3077 di
1540 3046 1686 3077 Romani.
1758 3044 1783 3064 3¹
1812 3055 1959 3077 exacra-

262 3103 355 3135 biles
382 3106 411 3134 1.
481 3101 509 3122 ³3
533 3107 629 3135 mate
657 3105 686 3134 1.
767 3102 935 3144 auspitiis
962 3104 992 3133 1.
