<?xml version="1.0" encoding="UTF-8"?>
<!DOCTYPE html PUBLIC "-//W3C//DTD XHTML 1.0 Transitional//EN"
    "http://www.w3.org/TR/xhtml1/DTD/xhtml1-transitional.dtd">
<html xmlns="http://www.w3.org/1999/xhtml" xml:lang="en" lang="en">
 <head>
  <title>
</title>
<meta http-equiv="Content-Type" content="text/html;charset=utf-8" />
  <meta name='ocr-system' content='tesseract 3.04.00' />
  <meta name='ocr-capabilities' content='ocr_page ocr_carea ocr_par ocr_line ocrx_word'/>
</head>
<body>
  <div class='ocr_page' id='page_1' title='image "./operaquaereperir03huttuoft/operaquaereperir03huttuoft_0383.png"; bbox 0 0 2081 3517; ppageno 0'>
   <div class='ocr_carea' id='block_1_1' title="bbox 424 744 1439 1087">
    <p class='ocr_par' dir='ltr' id='par_1_1' title="bbox 424 744 1439 1087">
     <span class='ocr_line' id='line_1_1' title="bbox 662 744 1188 776; baseline 0.002 -1"><span class='ocrx_word' id='word_1_1' title='bbox 662 744 712 775; x_wconf 88' lang='lat' dir='ltr'>IN</span> <span class='ocrx_word' id='word_1_2' title='bbox 739 744 1188 776; x_wconf 60' lang='lat' dir='ltr'><strong>SCELERATISSIMAM</strong></span> 
     </span>
     <span class='ocr_line' id='line_1_2' title="bbox 585 810 1276 851; baseline 0.003 -2"><span class='ocrx_word' id='word_1_3' title='bbox 585 810 828 850; x_wconf 85' lang='lat' dir='ltr'>IOANNIS</span> <span class='ocrx_word' id='word_1_4' title='bbox 867 812 1276 851; x_wconf 62' lang='lat' dir='ltr'>l&#39;EI’El‘tlfflJRNI</span> 
     </span>
     <span class='ocr_line' id='line_1_3' title="bbox 848 890 999 921; baseline -0.007 0"><span class='ocrx_word' id='word_1_5' title='bbox 848 890 999 921; x_wconf 68' lang='lat' dir='ltr'>vi&#39;rAM</span> 
     </span>
     <span class='ocr_line' id='line_1_4' title="bbox 424 956 1439 1017; baseline 0.003 -14"><span class='ocrx_word' id='word_1_6' title='bbox 424 956 657 1004; x_wconf 79' lang='lat' dir='ltr'>VLRIOI</span> <span class='ocrx_word' id='word_1_7' title='bbox 705 956 791 1004; x_wconf 79' lang='lat' dir='ltr'>AB</span> <span class='ocrx_word' id='word_1_8' title='bbox 833 957 1117 1005; x_wconf 83' lang='lat' dir='ltr'>HVTTEN</span> <span class='ocrx_word' id='word_1_9' title='bbox 1161 957 1439 1017; x_wconf 68' lang='lat' dir='ltr'>EQVITIS</span> 
     </span>
     <span class='ocr_line' id='line_1_5' title="bbox 748 1050 1102 1087; baseline 0 -1"><span class='ocrx_word' id='word_1_10' title='bbox 748 1050 1102 1087; x_wconf 74' lang='lat' dir='ltr'><strong>EXCLAMATIO.</strong></span> 
     </span>
    </p>
   </div>
   <div class='ocr_carea' id='block_1_2' title="bbox 740 1193 1107 1225">
    <p class='ocr_par' dir='ltr' id='par_1_2' title="bbox 740 1193 1107 1225">
     <span class='ocr_line' id='line_1_6' title="bbox 740 1193 1107 1225; baseline 0.003 -1"><span class='ocrx_word' id='word_1_11' title='bbox 740 1194 803 1225; x_wconf 78' lang='lat' dir='ltr'>AD</span> <span class='ocrx_word' id='word_1_12' title='bbox 830 1193 1107 1225; x_wconf 83' lang='lat' dir='ltr'><strong>LECTOREM.</strong></span> 
     </span>
    </p>
   </div>
   <div class='ocr_carea' id='block_1_3' title="bbox 336 1282 1367 1535">
    <p class='ocr_par' dir='ltr' id='par_1_3' title="bbox 336 1282 1367 1393">
     <span class='ocr_line' id='line_1_7' title="bbox 336 1282 1367 1333; baseline 0.002 -14"><span class='ocrx_word' id='word_1_13' title='bbox 336 1282 407 1320; x_wconf 82' lang='lat' dir='ltr'>llic</span> <span class='ocrx_word' id='word_1_14' title='bbox 440 1283 543 1321; x_wconf 83' lang='lat' dir='ltr'>diras</span> <span class='ocrx_word' id='word_1_15' title='bbox 574 1283 765 1322; x_wconf 82' lang='lat' dir='ltr'>scelerum</span> <span class='ocrx_word' id='word_1_16' title='bbox 799 1284 943 1321; x_wconf 78' lang='lat' dir='ltr'>formas</span> <span class='ocrx_word' id='word_1_17' title='bbox 974 1285 1202 1333; x_wconf 77' lang='lat' dir='ltr'>funestaque</span> <span class='ocrx_word' id='word_1_18' title='bbox 1234 1289 1367 1322; x_wconf 83' lang='lat' dir='ltr'>narrat</span> 
     </span>
     <span class='ocr_line' id='line_1_8' title="bbox 451 1350 1237 1393; baseline 0.003 -7"><span class='ocrx_word' id='word_1_19' title='bbox 451 1351 618 1388; x_wconf 73' lang='lat' dir='ltr'>Crimina</span> <span class='ocrx_word' id='word_1_20' title='bbox 651 1350 783 1389; x_wconf 84' lang='lat' dir='ltr'>subtili</span> <span class='ocrx_word' id='word_1_21' title='bbox 815 1350 1090 1388; x_wconf 78' lang='lat' dir='ltr'>commoditate</span> <span class='ocrx_word' id='word_1_22' title='bbox 1121 1350 1237 1393; x_wconf 79' lang='lat' dir='ltr'>iiber,</span> 
     </span>
    </p>

    <p class='ocr_par' dir='ltr' id='par_1_4' title="bbox 337 1417 1332 1535">
     <span class='ocr_line' id='line_1_9' title="bbox 337 1417 1332 1467; baseline 0.003 -15"><span class='ocrx_word' id='word_1_23' title='bbox 337 1417 430 1463; x_wconf 62' lang='lat' dir='ltr'>Quae</span> <span class='ocrx_word' id='word_1_24' title='bbox 462 1417 756 1467; x_wconf 71' lang='lat' dir='ltr'>l&#39;epermwnus,</span> <span class='ocrx_word' id='word_1_25' title='bbox 789 1419 964 1456; x_wconf 59' lang='lat' dir='ltr'>reeutitte</span> <span class='ocrx_word' id='word_1_26' title='bbox 995 1419 1120 1467; x_wconf 76' lang='lat' dir='ltr'>gentis</span> <span class='ocrx_word' id='word_1_27' title='bbox 1152 1418 1332 1456; x_wconf 84' lang='lat' dir='ltr'>alumnus</span> 
     </span>
     <span class='ocr_line' id='line_1_10' title="bbox 449 1484 1214 1535; baseline 0.001 -13"><span class='ocrx_word' id='word_1_28' title='bbox 449 1485 523 1523; x_wconf 85' lang='lat' dir='ltr'>Sed</span> <span class='ocrx_word' id='word_1_29' title='bbox 557 1484 792 1535; x_wconf 83' lang='lat' dir='ltr'>baptizatus,</span> <span class='ocrx_word' id='word_1_30' title='bbox 827 1485 915 1523; x_wconf 82' lang='lat' dir='ltr'>fecit</span> <span class='ocrx_word' id='word_1_31' title='bbox 948 1490 984 1523; x_wconf 91' lang='lat' dir='ltr'>et</span> <span class='ocrx_word' id='word_1_32' title='bbox 1014 1486 1102 1534; x_wconf 78' lang='lat' dir='ltr'>igne</span> <span class='ocrx_word' id='word_1_33' title='bbox 1134 1484 1214 1523; x_wconf 90' lang='lat' dir='ltr'>luit.</span> 
     </span>
    </p>
   </div>
   <div class='ocr_carea' id='block_1_4' title="bbox 284 1607 1513 3007">
    <p class='ocr_par' dir='ltr' id='par_1_5' title="bbox 284 1607 1513 3007">
     <span class='ocr_line' id='line_1_11' title="bbox 335 1607 1245 1658; baseline 0 -13"><span class='ocrx_word' id='word_1_34' title='bbox 335 1607 508 1646; x_wconf 83' lang='lat' dir='ltr'>Tantane</span> <span class='ocrx_word' id='word_1_35' title='bbox 540 1608 649 1646; x_wconf 80' lang='lat' dir='ltr'>ferali</span> <span class='ocrx_word' id='word_1_36' title='bbox 680 1610 823 1658; x_wconf 82' lang='lat' dir='ltr'>potuit,</span> <span class='ocrx_word' id='word_1_37' title='bbox 857 1608 957 1658; x_wconf 80' lang='lat' dir='ltr'>proh</span> <span class='ocrx_word' id='word_1_38' title='bbox 990 1608 1155 1658; x_wconf 76' lang='lat' dir='ltr'>Iupiter,</span> <span class='ocrx_word' id='word_1_39' title='bbox 1189 1609 1245 1645; x_wconf 86' lang='lat' dir='ltr'>ira</span> 
     </span>
     <span class='ocr_line' id='line_1_12' title="bbox 336 1674 1256 1719; baseline -0.001 -6"><span class='ocrx_word' id='word_1_40' title='bbox 336 1674 465 1713; x_wconf 81' lang='lat' dir='ltr'>Exeiri</span> <span class='ocrx_word' id='word_1_41' title='bbox 495 1675 641 1719; x_wconf 86' lang='lat' dir='ltr'>rabies,</span> <span class='ocrx_word' id='word_1_42' title='bbox 675 1680 740 1713; x_wconf 89' lang='lat' dir='ltr'>aut</span> <span class='ocrx_word' id='word_1_43' title='bbox 771 1681 847 1713; x_wconf 85' lang='lat' dir='ltr'>tam</span> <span class='ocrx_word' id='word_1_44' title='bbox 882 1675 1068 1713; x_wconf 79' lang='lat' dir='ltr'>violentus</span> <span class='ocrx_word' id='word_1_45' title='bbox 1101 1675 1146 1713; x_wconf 83' lang='lat' dir='ltr'>ab</span> <span class='ocrx_word' id='word_1_46' title='bbox 1180 1675 1256 1713; x_wconf 81' lang='lat' dir='ltr'>aito</span> 
     </span>
     <span class='ocr_line' id='line_1_13' title="bbox 334 1742 1513 1792; baseline -0.001 -12"><span class='ocrx_word' id='word_1_47' title='bbox 334 1742 558 1781; x_wconf 84' lang='lat' dir='ltr'>Transmitti</span> <span class='ocrx_word' id='word_1_48' title='bbox 580 1742 862 1792; x_wconf 68' lang='lat' dir='ltr'><strong>Phlegethonte</strong></span> <span class='ocrx_word' id='word_1_49' title='bbox 895 1744 1027 1781; x_wconf 70' lang='lat' dir='ltr'>suror‘(</span> <span class='ocrx_word' id='word_1_50' title='bbox 1059 1742 1136 1781; x_wconf 68' lang='lat' dir='ltr'>&lt;Nos</span> <span class='ocrx_word' id='word_1_51' title='bbox 1169 1743 1329 1781; x_wconf 82' lang='lat' dir='ltr'>erimina</span> <span class='ocrx_word' id='word_1_52' title='bbox 1362 1755 1513 1780; x_wconf 82' lang='lat' dir='ltr'>summo</span> 
     </span>
     <span class='ocr_line' id='line_1_14' title="bbox 339 1810 1402 1860; baseline 0.001 -14"><span class='ocrx_word' id='word_1_53' title='bbox 339 1810 556 1849; x_wconf 73' lang='lat' dir='ltr'>Viderimus</span> <span class='ocrx_word' id='word_1_54' title='bbox 588 1815 770 1860; x_wconf 76' lang='lat' dir='ltr'>proveeta</span> <span class='ocrx_word' id='word_1_55' title='bbox 802 1810 911 1852; x_wconf 84' lang='lat' dir='ltr'>loeo,</span> <span class='ocrx_word' id='word_1_56' title='bbox 946 1823 1016 1849; x_wconf 85' lang='lat' dir='ltr'>nos</span> <span class='ocrx_word' id='word_1_57' title='bbox 1048 1811 1215 1860; x_wconf 82' lang='lat' dir='ltr'>pessima</span> <span class='ocrx_word' id='word_1_58' title='bbox 1249 1822 1402 1848; x_wconf 90' lang='lat' dir='ltr'>morum</span> 
     </span>
     <span class='ocr_line' id='line_1_15' title="bbox 299 1876 1355 1927; baseline -0.002 -12"><span class='ocrx_word' id='word_1_59' title='bbox 299 1878 505 1916; x_wconf 65' lang='lat' dir='ltr'>:11³‹rdarit</span> <span class='ocrx_word' id='word_1_60' title='bbox 537 1878 675 1922; x_wconf 78' lang='lat' dir='ltr'>facies,</span> <span class='ocrx_word' id='word_1_61' title='bbox 707 1879 779 1916; x_wconf 84' lang='lat' dir='ltr'>nisi</span> <span class='ocrx_word' id='word_1_62' title='bbox 811 1878 937 1916; x_wconf 83' lang='lat' dir='ltr'>adhue</span> <span class='ocrx_word' id='word_1_63' title='bbox 969 1878 1101 1927; x_wconf 83' lang='lat' dir='ltr'>peiora</span> <span class='ocrx_word' id='word_1_64' title='bbox 1135 1876 1355 1915; x_wconf 83' lang='lat' dir='ltr'>redundant</span> 
     </span>
     <span class='ocr_line' id='line_1_16' title="bbox 334 1943 1393 1994; baseline 0 -12"><span class='ocrx_word' id='word_1_65' title='bbox 334 1944 528 1994; x_wconf 80' lang='lat' dir='ltr'>Tempora</span> <span class='ocrx_word' id='word_1_66' title='bbox 560 1957 743 1984; x_wconf 81' lang='lat' dir='ltr'>successu</span> <span class='ocrx_word' id='word_1_67' title='bbox 776 1947 978 1994; x_wconf 72' lang='lat' dir='ltr'><strong>vincetque</strong></span> <span class='ocrx_word' id='word_1_68' title='bbox 1011 1943 1186 1994; x_wconf 78' lang='lat' dir='ltr'>exempla</span> <span class='ocrx_word' id='word_1_69' title='bbox 1218 1945 1393 1994; x_wconf 81' lang='lat' dir='ltr'>priorum</span> 
     </span>
     <span class='ocr_line' id='line_1_17' title="bbox 337 2012 1456 2062; baseline -0.001 -11"><span class='ocrx_word' id='word_1_70' title='bbox 337 2012 473 2051; x_wconf 69' lang='lat' dir='ltr'>Ultima</span> <span class='ocrx_word' id='word_1_71' title='bbox 507 2025 670 2062; x_wconf 60' lang='lat' dir='ltr'>quzeque</span> <span class='ocrx_word' id='word_1_72' title='bbox 702 2013 809 2051; x_wconf 69' lang='lat' dir='ltr'>dies?</span> <span class='ocrx_word' id='word_1_73' title='bbox 842 2012 934 2057; x_wconf 71' lang='lat' dir='ltr'>Qua}</span> <span class='ocrx_word' id='word_1_74' title='bbox 966 2024 1043 2050; x_wconf 93' lang='lat' dir='ltr'>non</span> <span class='ocrx_word' id='word_1_75' title='bbox 1076 2013 1185 2062; x_wconf 83' lang='lat' dir='ltr'>prior</span> <span class='ocrx_word' id='word_1_76' title='bbox 1216 2012 1335 2049; x_wconf 91' lang='lat' dir='ltr'>audiit</span> <span class='ocrx_word' id='word_1_77' title='bbox 1366 2017 1456 2050; x_wconf 66' lang='lat' dir='ltr'>aetas</span> 
     </span>
     <span class='ocr_line' id='line_1_18' title="bbox 334 2079 1448 2129; baseline -0.001 -12"><span class='ocrx_word' id='word_1_78' title='bbox 334 2080 377 2118; x_wconf 94' lang='lat' dir='ltr'>In</span> <span class='ocrx_word' id='word_1_79' title='bbox 410 2085 563 2118; x_wconf 86' lang='lat' dir='ltr'>nostros</span> <span class='ocrx_word' id='word_1_80' title='bbox 596 2080 773 2119; x_wconf 75' lang='lat' dir='ltr'>cecidere</span> <span class='ocrx_word' id='word_1_81' title='bbox 806 2081 899 2118; x_wconf 87' lang='lat' dir='ltr'>dies.</span> <span class='ocrx_word' id='word_1_82' title='bbox 950 2080 1048 2125; x_wconf 83' lang='lat' dir='ltr'>Quid</span> <span class='ocrx_word' id='word_1_83' title='bbox 1079 2085 1257 2129; x_wconf 79' lang='lat' dir='ltr'>tempora</span> <span class='ocrx_word' id='word_1_84' title='bbox 1289 2079 1448 2117; x_wconf 82' lang='lat' dir='ltr'>demens</span> 
     </span>
     <span class='ocr_line' id='line_1_19' title="bbox 335 2146 1365 2198; baseline -0.002 -12"><span class='ocrx_word' id='word_1_85' title='bbox 335 2148 587 2198; x_wconf 81' lang='lat' dir='ltr'>Aetatemque</span> <span class='ocrx_word' id='word_1_86' title='bbox 619 2150 788 2197; x_wconf 67' lang='lat' dir='ltr'>queror?</span> <span class='ocrx_word' id='word_1_87' title='bbox 821 2148 944 2198; x_wconf 81' lang='lat' dir='ltr'>potuit</span> <span class='ocrx_word' id='word_1_88' title='bbox 976 2146 1184 2185; x_wconf 75' lang='lat' dir='ltr'>Germania</span> <span class='ocrx_word' id='word_1_89' title='bbox 1217 2150 1365 2184; x_wconf 85' lang='lat' dir='ltr'>tantum</span> 
     </span>
     <span class='ocr_line' id='line_1_20' title="bbox 287 2215 1391 2265; baseline -0.001 -13"><span class='ocrx_word' id='word_1_90' title='bbox 287 2215 607 2265; x_wconf 48' lang='lat' dir='ltr'>101⁷’1·ogenerare</span> <span class='ocrx_word' id='word_1_91' title='bbox 640 2216 770 2253; x_wconf 77' lang='lat' dir='ltr'>nefas?</span> <span class='ocrx_word' id='word_1_92' title='bbox 803 2220 858 2258; x_wconf 86' lang='lat' dir='ltr'>te,</span> <span class='ocrx_word' id='word_1_93' title='bbox 891 2215 1207 2264; x_wconf 65' lang='lat' dir='ltr'>[mestantissima</span> <span class='ocrx_word' id='word_1_94' title='bbox 1239 2226 1391 2256; x_wconf 85' lang='lat' dir='ltr'>rerum,</span> 
     </span>
     <span class='ocr_line' id='line_1_21' title="bbox 335 2281 1317 2334; baseline -0.002 -13"><span class='ocrx_word' id='word_1_95' title='bbox 335 2283 414 2321; x_wconf 86' lang='lat' dir='ltr'>Diis</span> <span class='ocrx_word' id='word_1_96' title='bbox 445 2284 598 2334; x_wconf 87' lang='lat' dir='ltr'>superis</span> <span class='ocrx_word' id='word_1_97' title='bbox 630 2282 765 2321; x_wconf 80' lang='lat' dir='ltr'>dilecta</span> <span class='ocrx_word' id='word_1_98' title='bbox 798 2294 961 2332; x_wconf 79' lang='lat' dir='ltr'>parens,</span> <span class='ocrx_word' id='word_1_99' title='bbox 996 2282 1166 2331; x_wconf 82' lang='lat' dir='ltr'>potuisse</span> <span class='ocrx_word' id='word_1_100' title='bbox 1197 2281 1317 2319; x_wconf 86' lang='lat' dir='ltr'>videri</span> 
     </span>
     <span class='ocr_line' id='line_1_22' title="bbox 336 2348 1390 2401; baseline -0.002 -14"><span class='ocrx_word' id='word_1_101' title='bbox 336 2350 456 2389; x_wconf 89' lang='lat' dir='ltr'>Ferre</span> <span class='ocrx_word' id='word_1_102' title='bbox 487 2350 806 2401; x_wconf 75' lang='lat' dir='ltr'>Pepereornum?</span> <span class='ocrx_word' id='word_1_103' title='bbox 840 2350 933 2388; x_wconf 83' lang='lat' dir='ltr'>Date</span> <span class='ocrx_word' id='word_1_104' title='bbox 965 2349 1058 2387; x_wconf 73' lang='lat' dir='ltr'>dira:</span> <span class='ocrx_word' id='word_1_105' title='bbox 1090 2348 1227 2386; x_wconf 74' lang='lat' dir='ltr'>oblivia</span> <span class='ocrx_word' id='word_1_106' title='bbox 1261 2348 1390 2391; x_wconf 75' lang='lat' dir='ltr'>faune,</span> 
     </span>
     <span class='ocr_line' id='line_1_23' title="bbox 335 2417 1326 2467; baseline -0.003 -12"><span class='ocrx_word' id='word_1_107' title='bbox 335 2417 521 2462; x_wconf 84' lang='lat' dir='ltr'>Numina,</span> <span class='ocrx_word' id='word_1_108' title='bbox 555 2419 753 2467; x_wconf 77' lang='lat' dir='ltr'>contingat</span> <span class='ocrx_word' id='word_1_109' title='bbox 785 2422 939 2456; x_wconf 79' lang='lat' dir='ltr'>nostros</span> <span class='ocrx_word' id='word_1_110' title='bbox 972 2418 1123 2455; x_wconf 74' lang='lat' dir='ltr'>nescire</span> <span class='ocrx_word' id='word_1_111' title='bbox 1154 2417 1326 2454; x_wconf 89' lang='lat' dir='ltr'>minores</span> 
     </span>
     <span class='ocr_line' id='line_1_24' title="bbox 336 2483 1419 2536; baseline -0.001 -15"><span class='ocrx_word' id='word_1_112' title='bbox 336 2484 510 2529; x_wconf 86' lang='lat' dir='ltr'>Quorum</span> <span class='ocrx_word' id='word_1_113' title='bbox 542 2497 613 2523; x_wconf 84' lang='lat' dir='ltr'>nos</span> <span class='ocrx_word' id='word_1_114' title='bbox 644 2486 800 2536; x_wconf 81' lang='lat' dir='ltr'>puduit,</span> <span class='ocrx_word' id='word_1_115' title='bbox 836 2484 913 2529; x_wconf 84' lang='lat' dir='ltr'><strong>vel,</strong></span> <span class='ocrx_word' id='word_1_116' title='bbox 947 2486 979 2522; x_wconf 92' lang='lat' dir='ltr'>si</span> <span class='ocrx_word' id='word_1_117' title='bbox 1010 2484 1235 2523; x_wconf 78' lang='lat' dir='ltr'>meminisse</span> <span class='ocrx_word' id='word_1_118' title='bbox 1269 2483 1419 2526; x_wconf 80' lang='lat' dir='ltr'>licebit,</span> 
     </span>
     <span class='ocr_line' id='line_1_25' title="bbox 285 2552 1204 2596; baseline -0.001 -7"><span class='ocrx_word' id='word_1_119' title='bbox 285 2565 315 2589; x_wconf 84' lang='lat'>15</span> <span class='ocrx_word' id='word_1_120' title='bbox 338 2552 497 2591; x_wconf 84' lang='lat' dir='ltr'>Censeri</span> <span class='ocrx_word' id='word_1_121' title='bbox 528 2554 675 2591; x_wconf 84' lang='lat' dir='ltr'>maiora</span> <span class='ocrx_word' id='word_1_122' title='bbox 706 2553 800 2596; x_wconf 84' lang='lat' dir='ltr'>fide,</span> <span class='ocrx_word' id='word_1_123' title='bbox 835 2553 1042 2592; x_wconf 79' lang='lat' dir='ltr'>Germania</span> <span class='ocrx_word' id='word_1_124' title='bbox 1075 2564 1122 2590; x_wconf 84' lang='lat' dir='ltr'>ne</span> <span class='ocrx_word' id='word_1_125' title='bbox 1155 2552 1204 2589; x_wconf 88' lang='lat' dir='ltr'>sit</span> 
     </span>
     <span class='ocr_line' id='line_1_26' title="bbox 342 2618 1439 2671; baseline -0.001 -14"><span class='ocrx_word' id='word_1_126' title='bbox 342 2619 516 2658; x_wconf 86' lang='lat' dir='ltr'>Nominis</span> <span class='ocrx_word' id='word_1_127' title='bbox 548 2620 753 2658; x_wconf 72' lang='lat' dir='ltr'>indicium!</span> <span class='ocrx_word' id='word_1_128' title='bbox 786 2620 876 2671; x_wconf 90' lang='lat' dir='ltr'>quid</span> <span class='ocrx_word' id='word_1_129' title='bbox 909 2621 1011 2658; x_wconf 87' lang='lat' dir='ltr'>enim</span> <span class='ocrx_word' id='word_1_130' title='bbox 1045 2631 1122 2657; x_wconf 87' lang='lat' dir='ltr'>non</span> <span class='ocrx_word' id='word_1_131' title='bbox 1155 2618 1217 2656; x_wconf 83' lang='lat' dir='ltr'>illa</span> <span class='ocrx_word' id='word_1_132' title='bbox 1249 2631 1439 2657; x_wconf 82' lang='lat' dir='ltr'>venenum</span> 
     </span>
     <span class='ocr_line' id='line_1_27' title="bbox 335 2685 1306 2737; baseline -0.002 -12"><span class='ocrx_word' id='word_1_133' title='bbox 335 2687 461 2725; x_wconf 84' lang='lat' dir='ltr'>Triste</span> <span class='ocrx_word' id='word_1_134' title='bbox 493 2685 710 2725; x_wconf 80' lang='lat' dir='ltr'>salutiferas</span> <span class='ocrx_word' id='word_1_135' title='bbox 741 2688 841 2725; x_wconf 87' lang='lat' dir='ltr'>inter</span> <span class='ocrx_word' id='word_1_136' title='bbox 875 2687 1110 2737; x_wconf 76' lang='lat' dir='ltr'>produceret</span> <span class='ocrx_word' id='word_1_137' title='bbox 1141 2685 1306 2724; x_wconf 68' lang='lat' dir='ltr'>herbas?</span> 
     </span>
     <span class='ocr_line' id='line_1_28' title="bbox 335 2753 1438 2804; baseline -0.002 -12"><span class='ocrx_word' id='word_1_138' title='bbox 335 2754 432 2792; x_wconf 89' lang='lat' dir='ltr'>Tum</span> <span class='ocrx_word' id='word_1_139' title='bbox 465 2753 590 2792; x_wconf 88' lang='lat' dir='ltr'>solum</span> <span class='ocrx_word' id='word_1_140' title='bbox 623 2754 728 2793; x_wconf 86' lang='lat' dir='ltr'>dedit</span> <span class='ocrx_word' id='word_1_141' title='bbox 758 2754 823 2792; x_wconf 87' lang='lat' dir='ltr'>illa</span> <span class='ocrx_word' id='word_1_142' title='bbox 854 2753 983 2792; x_wconf 86' lang='lat' dir='ltr'>loeum</span> <span class='ocrx_word' id='word_1_143' title='bbox 1014 2758 1248 2804; x_wconf 81' lang='lat' dir='ltr'>partumque</span> <span class='ocrx_word' id='word_1_144' title='bbox 1279 2753 1438 2803; x_wconf 76' lang='lat' dir='ltr'>maligui</span> 
     </span>
     <span class='ocr_line' id='line_1_29' title="bbox 335 2821 1300 2871; baseline -0.001 -13"><span class='ocrx_word' id='word_1_145' title='bbox 335 2821 513 2871; x_wconf 78' lang='lat' dir='ltr'>l&#39;ignoris</span> <span class='ocrx_word' id='word_1_146' title='bbox 545 2821 716 2860; x_wconf 88' lang='lat' dir='ltr'>admisit:</span> <span class='ocrx_word' id='word_1_147' title='bbox 749 2826 827 2859; x_wconf 84' lang='lat' dir='ltr'>tota</span> <span class='ocrx_word' id='word_1_148' title='bbox 860 2827 916 2859; x_wconf 88' lang='lat' dir='ltr'>est</span> <span class='ocrx_word' id='word_1_149' title='bbox 947 2821 1074 2859; x_wconf 58' lang='lat' dir='ltr'>ludam</span> <span class='ocrx_word' id='word_1_150' title='bbox 1106 2832 1300 2871; x_wconf 75' lang='lat' dir='ltr'>propago,</span> 
     </span>
     <span class='ocr_line' id='line_1_30' title="bbox 284 2886 1323 2938; baseline 0.001 -13"><span class='ocrx_word' id='word_1_151' title='bbox 284 2901 317 2927; x_wconf 85' lang='lat'>20</span> <span class='ocrx_word' id='word_1_152' title='bbox 338 2888 448 2927; x_wconf 89' lang='lat' dir='ltr'>Unde</span> <span class='ocrx_word' id='word_1_153' title='bbox 478 2888 770 2938; x_wconf 82' lang='lat' dir='ltr'>Pepereornus,</span> <span class='ocrx_word' id='word_1_154' title='bbox 804 2890 919 2927; x_wconf 85' lang='lat' dir='ltr'>terris</span> <span class='ocrx_word' id='word_1_155' title='bbox 950 2889 1093 2926; x_wconf 83' lang='lat' dir='ltr'>invisus</span> <span class='ocrx_word' id='word_1_156' title='bbox 1125 2886 1323 2930; x_wconf 83' lang='lat' dir='ltr'>alumnus,</span> 
     </span>
     <span class='ocr_line' id='line_1_31' title="bbox 335 2954 1450 3007; baseline 0 -14"><span class='ocrx_word' id='word_1_157' title='bbox 335 2955 501 3000; x_wconf 85' lang='lat' dir='ltr'>Prodiit;</span> <span class='ocrx_word' id='word_1_158' title='bbox 538 2955 629 2994; x_wconf 81' lang='lat' dir='ltr'>huic</span> <span class='ocrx_word' id='word_1_159' title='bbox 660 2961 804 3001; x_wconf 79' lang='lat' dir='ltr'>mater,</span> <span class='ocrx_word' id='word_1_160' title='bbox 837 2961 947 3007; x_wconf 83' lang='lat' dir='ltr'>pater</span> <span class='ocrx_word' id='word_1_161' title='bbox 979 2959 1035 2994; x_wconf 84' lang='lat' dir='ltr'>est</span> <span class='ocrx_word' id='word_1_162' title='bbox 1065 2954 1112 2992; x_wconf 80' lang='lat' dir='ltr'>ab</span> <span class='ocrx_word' id='word_1_163' title='bbox 1146 2955 1295 3004; x_wconf 82' lang='lat' dir='ltr'>origine</span> <span class='ocrx_word' id='word_1_164' title='bbox 1326 2955 1450 2999; x_wconf 77' lang='lat' dir='ltr'>ludae;</span> 
     </span>
    </p>
   </div>
   <div class='ocr_carea' id='block_1_5' title="bbox 155 3100 495 3143">
    <p class='ocr_par' dir='ltr' id='par_1_6' title="bbox 155 3100 495 3143">
     <span class='ocr_line' id='line_1_32' title="bbox 155 3100 495 3143; baseline 0 -11"><span class='ocrx_word' id='word_1_165' title='bbox 155 3100 168 3120; x_wconf 78' lang='lat'><strong>³</strong></span> <span class='ocrx_word' id='word_1_166' title='bbox 193 3101 435 3143; x_wconf 81' lang='lat' dir='ltr'>Phlegetonte</span> <span class='ocrx_word' id='word_1_167' title='bbox 461 3103 495 3132; x_wconf 89' lang='lat'>2.</span> 
     </span>
    </p>
   </div>
  </div>
 </body>
</html>
