2081 3517
681 314 959 348 ADNOTATIO
986 314 1049 344 AD
1076 313 1366 352 SEQVENTEM
1391 311 1617 343 PAGINAM.

386 409 544 441 Picturae
571 417 588 438 e
615 406 763 447 regione
789 404 956 444 repetitae
982 402 1267 443 suprascriptam
1291 402 1568 442 inscriptionem
1600 400 1761 432 dedimus
1795 411 1838 432 ex
1863 401 1997 433 Vindo-

298 464 449 497 bonensi
476 462 689 503 exemplari,
728 459 863 490 Indicis
889 457 1059 499 bibliogr.
1079 457 1230 488 Hutten.
1249 467 1343 488 num.
1361 457 1422 487 VI.
1442 467 1476 498 p.
1496 454 1551 487 8³⁵⁵.
1572 467 1623 498 sq.
1643 457 1844 497 descripto3
1877 457 1996 498 Augu—

297 524 418 552 stense
453 517 653 559 exemplum
680 516 804 556 (Indic.
824 513 911 545 bibl.
930 514 1034 544 Hutt.
1053 523 1147 544 num.
1167 514 1243 544 XX.
1266 512 1310 553 1.)
1342 513 1435 544 hane
1460 512 1589 543 habet:
1627 511 1691 543 ‘Ad
1717 512 1897 544 Caesarem
1921 513 1996 543 Ma-

296 575 410 609 ximil.
436 577 476 606 vt
506 573 638 605 bellum
664 573 699 603 in
724 572 882 602 Venetos
904 568 908 608 Ι
932 572 1087 610 coeptum
1112 571 1356 610 prosequatur.
1384 568 1707 605 Exhortatorium'3
1739 568 1878 599 Hessus
1904 566 1996 607 (Iud.

296 632 385 664 bibl.
405 631 505 662 Hutt.
525 639 619 659 num.
639 628 679 658 L.
698 638 731 668 p.
751 624 832 657 90?
853 625 919 666 sq.)
945 635 1029 666 pag.
1049 624 1092 655 1-:S
1118 625 1217 656 dedit
1252 625 1416 656 ‘vmucm
1450 633 1495 654 AB
1522 620 1694 664 ΗνΤεΙΤΕΝ
1721 632 1882 660 nostrus
1909 633 1996 654 GER-

297 697 387 719 MANI
412 696 458 717 AD
485 683 771 725 isffuictissimum
794 681 1001 722 Principem
1025 680 1314 711 Maximilianum
1339 680 1403 710 Ro.
1432 680 1712 721 Imperatorem,
1740 683 1779 710 ut
1803 678 1937 710 bellum
1962 679 1998 709 in

296 744 456 774 Venetos
482 743 648 780 coeptum,
675 735 928 779 proselquatur,
956 735 1278 774 Exhortatorium’;
1305 736 1415 766 Hessi
1441 735 1635 766 editionem
1661 738 1806 767 secutus
1826 737 1880 765 est
1896 734 1999 765 Miiu-

296 798 399 830 chius
422 798 449 829 Ι.
469 807 502 838 p.
523 794 596 826 107.

385 853 440 884 De
465 852 629 893 pictura,
663 849 709 880 ad
741 848 982 879 imitationem
1016 847 1168 889 exempli
1192 848 1268 878 XX.
1292 846 1319 877 1.
1340 856 1445 888 quam
1477 846 1555 878 fieri
1580 847 1698 887 potuit
1724 846 2000 877 adcuratissime

299 918 481 951 expressa,
509 916 587 938 cum
613 905 703 937 satis
729 906 854 946 aperte
871 904 1090 934 Venetorum
1116 906 1279 934 oratores
1303 913 1433 943 pacem
1453 903 1496 934 ab
1514 903 1731 943 imperatore
1749 901 2000 933 Maximiliano

298 964 545 1006 supplicantes
576 963 830 1002 repraesentet,
862 959 976 991 verba
1007 959 1131 990 facere
1165 969 1236 989 non
1269 968 1357 999 opus
1390 961 1461 997 est,
1496 957 1559 988 sed
1591 959 1790 989 orationem
1817 967 1923 998 quam
1948 957 2022 1009 fe‘.

297 1023 378 1052 runt
404 1019 448 1050 ab
467 1017 624 1049 Antonio
642 1016 846 1047 Iustiniano
870 1015 1046 1054 habitam,
1075 1015 1225 1055 primum
1253 1024 1273 1044 a
1300 1013 1556 1044 Guicciardino
1582 1013 1645 1044 lib.
1664 1014 1762 1044 VIII.
1781 1012 1913 1044 Italice
1937 1023 2000 1054 pu-

297 1059 482 1113 blicatam,
511 1072 641 1104 deinde
662 1072 706 1103 ab
734 1071 818 1102 aliis
837 1074 873 1102 et
900 1081 921 1102 a
939 1070 1100 1102 Gerardo
1128 1080 1265 1111 quoque
1293 1069 1335 1100 de
1355 1069 1430 1100 Roo
1456 1068 1664 1109 (Annalium
1688 1069 1751 1101 lib.
1770 1070 1851 1100 XII.
1871 1068 2000 1110 Oenip.

300 1130 396 1163 1592.
417 1129 478 1161 fol.
498 1140 531 1171 p.
550 1127 628 1160 443.
649 1127 739 1169 sqq.)
771 1127 905 1158 Latine
937 1127 1150 1168 repetitam,
1185 1125 1463 1167 suppositiciam
1490 1125 1749 1166 admodumque
1775 1124 1892 1155 dubiae
1918 1124 2002 1155 fidei

297 1197 375 1219 esse
402 1187 474 1217 iam
500 1185 560 1215 diu
585 1184 708 1215 docuit
733 1184 783 1214 Le
808 1183 896 1214 Bret
922 1181 1150 1223 Staatsyescle.
1179 1183 1241 1213 (ier
1257 1180 1395 1222 Repnbl.
1421 1181 1572 1222 Venediq
1596 1181 1643 1212 II.
1663 1180 1694 1211 2.
1715 1181 1810 1211 Baelz
1835 1179 1889 1210 21.
1908 1180 2000 1221 Καρ.

296 1244 361 1275 III.
381 1243 432 1281 ἓξ.
455 1240 549 1272 1045.
567 1251 619 1281 sq.
654 1238 933 1270 Guicciardinus
966 1237 1020 1269 his
1052 1238 1173 1270 verbis
1206 1237 1402 1278 praemissis
1435 1236 1504 1275 (ed.
1524 1236 1652 1267 Venet.
1675 1235 1770 1267 1738.
1790 1235 1851 1266 fol.
1870 1239 1954 1266 tom.
1974 1236 2001 1267 I.

297 1310 330 1341 p.
349 1297 438 1338 524.)
466 1296 667 1328 orationem
692 1294 859 1336 protulit:
884 1294 985 1331 „Non
1010 1295 1052 1324 nzz'
1072 1304 1159 1334 pare
1185 1295 1292 1324 alieno
1318 1294 1375 1323 (lai
1399 1297 1513 1324 nostro
1536 1293 1731 1333 proposito,
1765 1292 1917 1323 aec-iochi‘
1940 1302 2003 1323 nze-

296 1357 360 1396 9lz'0
392 1353 574 1388 s’intenda,
607 1352 640 1382 in
671 1355 795 1393 quanta
826 1353 1096 1381 consternatione
1129 1350 1270 1380 d'aninzo
1298 1348 1395 1388 fusse
1426 1349 1555 1379 rz'dotla
1586 1350 1694 1389 quella
1719 1347 1937 1388 Repabblz'ea,
1971 1350 2005 1379 Ia

297 1412 392 1452 quale
422 1409 479 1450 9ίὰ
508 1409 566 1449 ρίῐι
599 1408 635 1438 ἀί
663 1407 804 1446 (Ingenio
840 1408 920 1436 anni
950 1415 1013 1436 non
1046 1415 1147 1436 aveva
1178 1406 1299 1436 sentito
1333 1405 1500 1435 cznversita
1528 1405 1608 1444 pari
1637 1415 1658 1434 a
1690 1408 1826 1445 questa,
1858 1405 2002 1434 inserire

296 1470 329 1498 la
352 1466 495 1506 propria
519 1463 672 1495 oratione
698 1466 797 1493 avuta
821 1462 865 1492 (Ia
890 1462 935 1492 lai
957 1459 1126 1502 [Antonio
1155 1458 1381 1501 Giustz‘m‘ano]
1406 1460 1541 1490 innanzi
1565 1470 1585 1490 a
1612 1460 1752 1496 Cesare,
1785 1460 2003 1500 trasferendo

296 1524 474 1554 solamente
501 1522 529 1551 Ie
550 1520 672 1560 parole
698 1520 799 1549 latine
823 1518 857 1547 in
881 1519 954 1548 voci
976 1517 1114 1557 volgari,
1141 1520 1170 1547 le
1196 1518 1286 1557 quali
1307 1516 1429 1552 f'urono
1455 1517 1488 1546 z'n
1515 1519 1630 1557 questo
1655 1519 1783 1547 tenore.
1831 1515 1875 1546 E‘
1900 1517 2002 1547 mani-

294 1579 383 1618 festo
411 1580 446 1608 et
464 1587 494 1607 c.
537 1575 592 1606 Ex
616 1574 696 1615 ipsa
714 1573 888 1611 oratione,
911 1582 988 1612 quae
1005 1570 1145 1613 longior
1171 1576 1224 1603 est
1240 1582 1346 1613 quam
1362 1574 1401 1602 ut
1420 1582 1462 1602 ex
1480 1571 1630 1611 vulgato
1647 1570 1740 1602 libro
1759 1572 2004 1603 transcribere

298 1633 437 1671 liceret,
465 1632 543 1662 haec
560 1632 702 1661 tantum
727 1632 906 1670 repetam:
932 1628 1121 1669 „Adzmqne
1139 1629 1357 1668 supplicando
1375 1629 1407 1658 in
1426 1638 1517 1660 nome
1536 1629 1591 1659 del
1607 1624 1776 1668 Principe,
1796 1628 1851 1659 del
1866 1626 2002 1664 Senato,

298 1700 315 1720 e
341 1690 396 1720 del
415 1689 539 1729 popolo
570 1686 755 1721 Vinitiszno,
789 1694 849 1715 eon
875 1684 968 1714 limile
994 1684 1158 1715 divotz'one
1183 1685 1210 1715 ti
1229 1684 1440 1725 queykz'arno,
1471 1683 1725 1724 suppliclziamo,
1751 1684 2003 1724 sconyiuriamo,

304 1745 435 1786 cleynisi
457 1747 514 1773 tua
539 1741 676 1773 Maesta
700 1740 904 1781 riyztarclare
930 1750 991 1771 eon
1015 1741 1061 1780 qli
1085 1740 1178 1771 ocelli
1203 1741 1290 1771 della
1314 1740 1546 1771 misericordia
1570 1742 1600 1771 Ze
1625 1749 1701 1770 cose
1726 1743 1840 1770 nostre
1871 1739 2002 1780 afflitte,

299 1811 316 1832 e
341 1800 518 1831 nzediearle
544 1808 604 1829 eon
629 1796 805 1836 salutifero
831 1796 988 1831 rimedio;
1020 1795 1288 1827 abbraceieremo
1320 1799 1404 1826 tutte
1435 1797 1463 1826 le
1495 1796 1678 1826 conditioni
1702 1795 1790 1826 della
1810 1805 1913 1836 paee,
1945 1796 2004 1827 che

298 1861 332 1886 ta
357 1856 387 1886 ei
411 1854 520 1891 daraz’,
546 1856 627 1883 tutte
652 1854 681 1883 Ie
703 1852 948 1893 yiadielzeremo
971 1852 1089 1892 qizcste,
1116 1855 1245 1887 oneste,
1272 1852 1435 1891 conformi
1458 1853 1516 1882 all'
1544 1851 1672 1892 equita,
1699 1855 1732 1881 et
1756 1853 1823 1882 alla
1846 1853 2004 1893 ragione:

297 1922 349 1942 ma
370 1911 466 1950 forse
491 1910 546 1940 noi
568 1910 670 1939 siamo
696 1909 797 1948 degni
818 1907 876 1938 elle
901 1908 946 1938 da
971 1910 1030 1938 noi
1050 1908 1220 1938 medesimz'
1242 1908 1273 1937 cz·
1296 1909 1464 1938 tassiamo.
1520 1907 1663 1938 Tornino
1695 1917 1755 1938 eon
1787 1911 1901 1938 nostro
1926 1918 2003 1939 con—

297 1976 393 1998 senso
419 1976 440 1996 a
470 1969 502 1996 te
532 1974 628 2000 vero,
661 1974 678 1994 e
703 1964 846 2004 legitimo
871 1963 1034 2004 Signore,
1068 1967 1151 1993 tutte
1184 1965 1212 1994 Ie
1244 1973 1337 1998 cose,
1370 1963 1427 1994 elze
1454 1964 1596 1994 inostri
1625 1963 1788 2003 mayyiori
1816 1964 1942 1995 tolsero
1973 1965 2009 1994 al

297 2031 396 2053 sacro
422 2021 586 2061 Imperio,
619 2023 652 2050 et
677 2021 710 2050 al
733 2019 865 2050 Πυραία
891 2019 1089 2053 d'Austrm:
1122 2021 1184 2050 alle
1217 2021 1313 2061 quale
1345 2029 1437 2056 cose,
1465 2019 1592 2059 perche
1622 2028 1771 2059 venyano
1797 2020 1857 2059 piit
1888 2029 2004 2050 conve-

298 2079 532 2112 nientemente‚
568 2076 796 2116 gyyinyniamo
822 2078 905 2106 tatto
939 2077 1063 2116 quello,
1097 2075 1155 2106 elle
1182 2075 1395 2115 possediamo
1420 2076 1457 2106 in
1487 2074 1596 2106 Terra
1618 2075 1749 2115 ferma:
1782 2076 1846 2105 alle
1869 2075 2004 2115 rayioni

299 2134 383 2164 delle
410 2133 515 2174 quali,
548 2135 580 2162 z'n
607 2133 791 2173 qzzalunqne
816 2132 911 2162 modo
936 2132 1030 2162 siano
1057 2132 1261 2172 aequistate,
1295 2132 1520 2162 rinnnciamo:
1550 2130 1750 2171 paylzeremo
1775 2133 1864 2161 oltra
1889 2135 2004 2172 questo

299 2190 377 2229 097ῑὶ
400 2189 500 2219 Anno
526 2189 594 2218 alla
619 2187 755 2217 ,Maesta
781 2191 854 2223 tua,
888 2191 919 2217 et
944 2188 973 2217 α’
1000 2188 1188 2218 successori
1211 2187 1348 2227 legitimi
1372 2187 1447 2217 dell'
1473 2186 1622 2226 Imperio
1648 2187 1680 2216 in
1702 2190 1866 2227 perpetuo
1893 2187 2007 2218 ducati

298 2246 478 2286 cinqnanta
508 2245 603 2274 mila:
634 2242 836 2273 ubbidz'remo
862 2243 1037 2274 volontz'eri
1060 2245 1089 2273 a'
1116 2245 1186 2274 tuoi
1209 2243 1474 2274 comandamentz‘
1498 2265 1558 2272 .....
1586 2242 1802 2274 chimaeremo
1826 2246 1859 2273 te
1882 2244 2004 2283 padre,

296 2301 530 2341 proqenitore,
569 2309 586 2329 e
616 2298 799 2337 fondatore
833 2299 921 2329 della
952 2303 1070 2329 nostra
1101 2299 1199 2335 eilia,
1232 2299 1429 2329 serz'veremo
1462 2308 1501 2328 ne
1533 2300 1582 2338 gli
1611 2299 1752 2334 Annali,
1786 2309 1802 2329 e
1835 2300 2004 2330 continua-

298 2360 404 2387 mence
431 2357 460 2386 a'
482 2355 621 2395 figliuoli
652 2355 759 2385 nostri
782 2355 793 2384 i
816 2356 886 2384 tnoi
915 2355 1025 2384 meriti
1050 2355 1177 2394 grandi
1206 2358 1476 2385 raeconteremo:
1508 2354 1547 2384 ne
1577 2354 1658 2384 sara
1685 2354 1819 2394 piceola
1848 2355 2005 2395 ayyiunta

299 2414 362 2443 alle
387 2415 441 2442 tue
467 2411 573 2446 laudi,
599 2410 658 2441 elze
683 2414 716 2440 ta
740 2411 792 2440 sia
816 2411 840 2440 il
859 2411 986 2450 primo,
1013 2412 1043 2440 [ι’
1064 2411 1161 2450 piedi
1185 2410 1240 2440 del
1264 2412 1358 2451 quale
1384 2411 1415 2440 la
1441 2409 1644 2450 Repabbliea
1667 2410 1796 2440 Veneta
1819 2411 2006 2451 supplic-ke—

300 2470 370 2499 vole
394 2468 424 2498 εἰ
446 2470 587 2507 prostra
611 2467 644 2496 z'n
669 2470 778 2502 terra,
814 2468 849 2496 al
871 2467 966 2506 quale
992 2465 1136 2496 abbassa
1159 2466 1184 2496 il
1207 2466 1306 2501 colle,
1339 2466 1362 2496 z‘l
1386 2467 1481 2506 quale
1507 2475 1630 2501 onora,
1662 2466 1836 2503 riverisee,
1869 2476 2006 2510 osserva

299 2533 388 2555 come
413 2533 455 2553 un
473 2523 537 2553 Dio
557 2521 696 2553 Celeste.
725 2524 760 2552 et
779 2532 810 2552 c.
859 2521 948 2560 Quae
975 2521 1118 2552 etiamsi
1143 2520 1285 2551 locutus
1310 2531 1380 2552 non
1406 2521 1452 2551 sit
1470 2521 1705 2562 Iustinianus,
1731 2525 1854 2552 tamen
1870 2521 2005 2553 similia

305 2581 404 2610 certe
431 2588 491 2610 ore
516 2577 678 2619 proferre
703 2577 872 2608 videntur
896 2577 934 2607 hi
958 2577 1050 2618 picti
1076 2581 1249 2616 oratores,
1276 2580 1315 2607 ut
1340 2577 1415 2608 fere
1442 2576 1547 2608 fidem
1566 2576 1900 2608 Guieciardinianae
1925 2588 2004 2609 ora-

300 2634 391 2666 tioni
416 2634 540 2665 facere
565 2633 733 2664 videatur
756 2633 836 2664 haec
864 2643 956 2664 anno
984 2631 1080 2663 1518.
1106 2632 1279 2673 Augustae
1305 2632 1577 2663 Vindelicorum
1602 2633 1703 2674 picta
1727 2632 1879 2664 tabella.

391 2688 645 2721 Hexastichon
676 2689 828 2730 picturae
861 2689 1063 2720 subiectum
1095 2687 1230 2729 legitur
1263 2687 1294 2727 l)
1321 2688 1358 2718 in
1390 2688 1470 2729 ipsa
1503 2688 1621 2719 fronte
1648 2688 1803 2729 exempli
1827 2688 1886 2720 VI.
1912 2687 2003 2726 (Ind.

300 2745 387 2777 bibl.
405 2745 507 2775 Hutt.
526 2755 560 2786 p.
578 2742 652 2783 8³².)
678 2744 743 2775 sub
771 2745 927 2785 quinque
954 2753 1132 2775 armorum
1156 2744 1279 2782 scutis,
1309 2753 1454 2784 quorum
1480 2743 1647 2782 medium,
1676 2743 1767 2784 quod
1791 2744 1859 2775 duo
1877 2743 2007 2786 gryphi

300 2804 428 2832 tenent
466 2799 718 2842 imperialique
753 2810 886 2831 corona
918 2799 1187 2841 superinposita
1219 2802 1387 2840 augetur,
1428 2799 1616 2840 bicipitem
1648 2798 1873 2840 imperialem
1906 2799 2004 2840 aqui-

300 2855 374 2886 lam
398 2855 520 2895 habet⁷
548 2856 585 2886 in
610 2855 758 2896 reliquis
785 2855 969 2897 quadratae
994 2854 1129 2886 tabulae
1156 2854 1308 2896 angulos
1334 2854 1597 2896 occupantibus
1613 2855 1780 2893 Austriae,
1806 2854 2003 2895 Bohemiae,

305 2911 520 2950 Carinthiae,
549 2910 692 2942 Silesiae
719 2921 896 2942 armorum
921 2911 1081 2952 insignia
1101 2910 1245 2950 depicta
1264 2913 1363 2948 sunt;
1389 2910 1422 2949 2)
1451 2920 1508 2951 ap.
1526 2910 1672 2941 Miinch.
1689 2910 1718 2940 I.
1737 2920 1771 2950 p.
1792 2908 1864 2940 110.
1885 2909 1955 2951 (qui
1976 2921 2004 2941 v.

307 2965 338 2996 2.
357 2966 624 2997 Max'milianus
650 2978 677 2998 v.
697 2965 727 2998 3.
747 2976 812 2997 sua
839 2965 914 3007 [pro
942 2964 1013 3007 suo]
1047 2970 1079 2996 et
1103 2977 1130 2996 υ.
1150 2964 1180 2996 6.
1200 2965 1449 2996 Max'miliana
1473 2965 1598 3005 habet.)
1623 2964 1799 3006 Exempla
1823 2964 1900 2996 XX.
1921 2964 1951 2996 1.
1970 2967 2006 2996 et

302 3021 344 3052 L.
365 3022 585 3063 epigramma
611 3023 817 3054 omiserunt.
