<?xml version="1.0" encoding="UTF-8"?>
<!DOCTYPE html PUBLIC "-//W3C//DTD XHTML 1.0 Transitional//EN"
    "http://www.w3.org/TR/xhtml1/DTD/xhtml1-transitional.dtd">
<html xmlns="http://www.w3.org/1999/xhtml" xml:lang="en" lang="en">
 <head>
  <title>
</title>
<meta http-equiv="Content-Type" content="text/html;charset=utf-8" />
  <meta name='ocr-system' content='tesseract 3.04.00' />
  <meta name='ocr-capabilities' content='ocr_page ocr_carea ocr_par ocr_line ocrx_word'/>
</head>
<body>
  <div class='ocr_page' id='page_1' title='image "./operaquaereperir03huttuoft/operaquaereperir03huttuoft_0503.png"; bbox 0 0 2081 3517; ppageno 0'>
   <div class='ocr_carea' id='block_1_1' title="bbox 152 191 1813 235">
    <p class='ocr_par' dir='ltr' id='par_1_1' title="bbox 152 191 1813 235">
     <span class='ocr_line' id='line_1_1' title="bbox 152 191 1813 235; baseline 0.001 -5"><span class='ocrx_word' id='word_1_1' title='bbox 152 209 269 230; x_wconf 84' lang='lat' dir='ltr'>EPIST.</span> <span class='ocrx_word' id='word_1_2' title='bbox 287 209 470 231; x_wconf 72' lang='lat' dir='ltr'>VDELONIS</span> <span class='ocrx_word' id='word_1_3' title='bbox 486 210 624 231; x_wconf 77' lang='lat' dir='ltr'>CYMRRI</span> <span class='ocrx_word' id='word_1_4' title='bbox 639 209 769 231; x_wconf 75' lang='lat' dir='ltr'>CVSANI</span> <span class='ocrx_word' id='word_1_5' title='bbox 786 209 830 230; x_wconf 90' lang='lat' dir='ltr'>DE</span> <span class='ocrx_word' id='word_1_6' title='bbox 846 209 972 231; x_wconf 77' lang='lat' dir='ltr'><strong>EXVST.</strong></span> <span class='ocrx_word' id='word_1_7' title='bbox 985 209 1132 230; x_wconf 79' lang='lat' dir='ltr'>LIBROR.</span> <span class='ocrx_word' id='word_1_8' title='bbox 1144 208 1306 231; x_wconf 80' lang='lat' dir='ltr'>LV&#39;rnERI</span> <span class='ocrx_word' id='word_1_9' title='bbox 1321 209 1364 229; x_wconf 87' lang='lat' dir='ltr'>ET</span> <span class='ocrx_word' id='word_1_10' title='bbox 1380 209 1697 231; x_wconf 72' lang='lat' dir='ltr'>CHVNR.SARCTOR.</span> <span class='ocrx_word' id='word_1_11' title='bbox 1718 191 1813 235; x_wconf 75' lang='grc'>463</span> 
     </span>
    </p>
   </div>
   <div class='ocr_carea' id='block_1_2' title="bbox 63 313 1899 2101">
    <p class='ocr_par' dir='ltr' id='par_1_2' title="bbox 63 313 1899 2101">
     <span class='ocr_line' id='line_1_2' title="bbox 108 313 1811 361; baseline 0.001 -13"><span class='ocrx_word' id='word_1_12' title='bbox 108 319 209 353; x_wconf 81' lang='lat' dir='ltr'>rant,</span> <span class='ocrx_word' id='word_1_13' title='bbox 257 314 448 349; x_wconf 76' lang='lat' dir='ltr'>mendaciis</span> <span class='ocrx_word' id='word_1_14' title='bbox 480 326 553 350; x_wconf 91' lang='lat' dir='ltr'>rem</span> <span class='ocrx_word' id='word_1_15' title='bbox 594 315 755 361; x_wconf 75' lang='lat' dir='ltr'>adgressi</span> <span class='ocrx_word' id='word_1_16' title='bbox 796 319 899 354; x_wconf 90' lang='lat' dir='ltr'>sunt,</span> <span class='ocrx_word' id='word_1_17' title='bbox 947 319 981 348; x_wconf 84' lang='lat' dir='ltr'>et</span> <span class='ocrx_word' id='word_1_18' title='bbox 1022 313 1163 360; x_wconf 88' lang='lat' dir='ltr'>quidem</span> <span class='ocrx_word' id='word_1_19' title='bbox 1204 319 1271 348; x_wconf 89' lang='lat' dir='ltr'>tam</span> <span class='ocrx_word' id='word_1_20' title='bbox 1317 313 1470 360; x_wconf 80' lang='lat' dir='ltr'>apertis,</span> <span class='ocrx_word' id='word_1_21' title='bbox 1521 319 1562 348; x_wconf 90' lang='lat' dir='ltr'>ut</span> <span class='ocrx_word' id='word_1_22' title='bbox 1599 326 1702 349; x_wconf 84' lang='lat' dir='ltr'>nenio</span> <span class='ocrx_word' id='word_1_23' title='bbox 1741 327 1811 350; x_wconf 92' lang='lat' dir='ltr'>non</span> 
     </span>
     <span class='ocr_line' id='line_1_3' title="bbox 109 368 1812 417; baseline 0 -12"><span class='ocrx_word' id='word_1_24' title='bbox 109 370 336 417; x_wconf 70' lang='lat' dir='ltr'>quantinnvis</span> <span class='ocrx_word' id='word_1_25' title='bbox 368 370 545 406; x_wconf 83' lang='lat' dir='ltr'>lusciosus</span> <span class='ocrx_word' id='word_1_26' title='bbox 575 375 578 417; x_wconf 75' lang='grc' dir='ltr'>Ι</span> <span class='ocrx_word' id='word_1_27' title='bbox 605 371 699 406; x_wconf 88' lang='lat' dir='ltr'>clare</span> <span class='ocrx_word' id='word_1_28' title='bbox 722 370 873 406; x_wconf 76' lang='lat' dir='ltr'>rideret.</span> <span class='ocrx_word' id='word_1_29' title='bbox 907 375 1083 417; x_wconf 66' lang='lat' dir='ltr'>suggestu</span> <span class='ocrx_word' id='word_1_30' title='bbox 1105 368 1324 405; x_wconf 83' lang='lat' dir='ltr'>sacrificulus</span> <span class='ocrx_word' id='word_1_31' title='bbox 1347 369 1406 404; x_wconf 89' lang='lat' dir='ltr'>ille</span> <span class='ocrx_word' id='word_1_32' title='bbox 1428 369 1684 405; x_wconf 87' lang='lat' dir='ltr'>monachorum</span> <span class='ocrx_word' id='word_1_33' title='bbox 1707 382 1812 417; x_wconf 90' lang='lat' dir='ltr'>opera</span> 
     </span>
     <span class='ocr_line' id='line_1_4' title="bbox 108 425 1811 474; baseline -0.001 -13"><span class='ocrx_word' id='word_1_34' title='bbox 108 431 144 461; x_wconf 86' lang='lat' dir='ltr'>et</span> <span class='ocrx_word' id='word_1_35' title='bbox 174 431 375 461; x_wconf 88' lang='lat' dir='ltr'>commento</span> <span class='ocrx_word' id='word_1_36' title='bbox 408 427 605 462; x_wconf 83' lang='lat' dir='ltr'>instructus</span> <span class='ocrx_word' id='word_1_37' title='bbox 637 428 677 462; x_wconf 92' lang='lat' dir='ltr'>ad</span> <span class='ocrx_word' id='word_1_38' title='bbox 709 426 881 474; x_wconf 90' lang='lat' dir='ltr'>populum</span> <span class='ocrx_word' id='word_1_39' title='bbox 915 432 1011 461; x_wconf 90' lang='lat' dir='ltr'>tanta</span> <span class='ocrx_word' id='word_1_40' title='bbox 1042 425 1260 473; x_wconf 88' lang='lat' dir='ltr'>impudentia</span> <span class='ocrx_word' id='word_1_41' title='bbox 1300 425 1470 461; x_wconf 88' lang='lat' dir='ltr'>detonare</span> <span class='ocrx_word' id='word_1_42' title='bbox 1511 430 1619 460; x_wconf 79' lang='lat' dir='ltr'>ausus</span> <span class='ocrx_word' id='word_1_43' title='bbox 1658 431 1730 466; x_wconf 89' lang='lat' dir='ltr'>est,</span> <span class='ocrx_word' id='word_1_44' title='bbox 1775 432 1811 461; x_wconf 91' lang='lat' dir='ltr'>ut</span> 
     </span>
     <span class='ocr_line' id='line_1_5' title="bbox 110 481 1814 530; baseline -0.001 -13"><span class='ocrx_word' id='word_1_45' title='bbox 110 481 315 525; x_wconf 85' lang='lat' dir='ltr'>mendacia,</span> <span class='ocrx_word' id='word_1_46' title='bbox 358 494 512 528; x_wconf 88' lang='lat' dir='ltr'>quorum</span> <span class='ocrx_word' id='word_1_47' title='bbox 544 483 636 518; x_wconf 88' lang='lat' dir='ltr'>bona</span> <span class='ocrx_word' id='word_1_48' title='bbox 677 494 760 530; x_wconf 85' lang='lat' dir='ltr'>pars</span> <span class='ocrx_word' id='word_1_49' title='bbox 791 483 994 518; x_wconf 90' lang='lat' dir='ltr'>auditorum</span> <span class='ocrx_word' id='word_1_50' title='bbox 1041 482 1146 517; x_wconf 89' lang='lat' dir='ltr'>etiam</span> <span class='ocrx_word' id='word_1_51' title='bbox 1193 482 1335 517; x_wconf 88' lang='lat' dir='ltr'>conscia</span> <span class='ocrx_word' id='word_1_52' title='bbox 1367 482 1453 521; x_wconf 88' lang='lat' dir='ltr'>suit,</span> <span class='ocrx_word' id='word_1_53' title='bbox 1497 481 1666 528; x_wconf 80' lang='lat' dir='ltr'>perfricta</span> <span class='ocrx_word' id='word_1_54' title='bbox 1697 482 1814 516; x_wconf 82' lang='lat' dir='ltr'>fronte</span> 
     </span>
     <span class='ocr_line' id='line_1_6' title="bbox 80 537 1814 585; baseline -0.001 -12"><span class='ocrx_word' id='word_1_55' title='bbox 80 545 229 573; x_wconf 74' lang='lat' dir='ltr'>beoram</span> <span class='ocrx_word' id='word_1_56' title='bbox 259 538 401 572; x_wconf 92' lang='lat' dir='ltr'>mentiri</span> <span class='ocrx_word' id='word_1_57' title='bbox 434 549 505 573; x_wconf 91' lang='lat' dir='ltr'>non</span> <span class='ocrx_word' id='word_1_58' title='bbox 528 539 723 574; x_wconf 74' lang='lat' dir='ltr'>erubuerit.</span> <span class='ocrx_word' id='word_1_59' title='bbox 763 539 813 573; x_wconf 74' lang='lat' dir='ltr'>Ad</span> <span class='ocrx_word' id='word_1_60' title='bbox 835 550 962 585; x_wconf 73' lang='lat' dir='ltr'>rogum</span> <span class='ocrx_word' id='word_1_61' title='bbox 995 538 1155 585; x_wconf 86' lang='lat' dir='ltr'>quidem,</span> <span class='ocrx_word' id='word_1_62' title='bbox 1189 538 1376 573; x_wconf 84' lang='lat' dir='ltr'>Beruensis</span> <span class='ocrx_word' id='word_1_63' title='bbox 1407 537 1698 583; x_wconf 71' lang='lat' dir='ltr'>conflagrationis</span> <span class='ocrx_word' id='word_1_64' title='bbox 1730 544 1814 584; x_wconf 65' lang='lat' dir='ltr'>typo</span> 
     </span>
     <span class='ocr_line' id='line_1_7' title="bbox 108 593 1816 641; baseline 0 -14"><span class='ocrx_word' id='word_1_65' title='bbox 108 598 330 632; x_wconf 85' lang='lat' dir='ltr'>extructum,</span> <span class='ocrx_word' id='word_1_66' title='bbox 362 593 580 630; x_wconf 72' lang='lat' dir='ltr'>declamator</span> <span class='ocrx_word' id='word_1_67' title='bbox 613 594 670 629; x_wconf 92' lang='lat' dir='ltr'>ille</span> <span class='ocrx_word' id='word_1_68' title='bbox 703 595 926 640; x_wconf 69' lang='lat' dir='ltr'>nugivendus</span> <span class='ocrx_word' id='word_1_69' title='bbox 958 595 1101 629; x_wconf 88' lang='lat' dir='ltr'>adstans</span> <span class='ocrx_word' id='word_1_70' title='bbox 1132 594 1370 641; x_wconf 78' lang='lat' dir='ltr'>imperatoriae</span> <span class='ocrx_word' id='word_1_71' title='bbox 1399 594 1595 629; x_wconf 88' lang='lat' dir='ltr'>maiestatis</span> <span class='ocrx_word' id='word_1_72' title='bbox 1618 599 1653 628; x_wconf 85' lang='lat' dir='ltr'>et</span> <span class='ocrx_word' id='word_1_73' title='bbox 1684 593 1816 640; x_wconf 88' lang='lat' dir='ltr'>princi-</span> 
     </span>
     <span class='ocr_line' id='line_1_8' title="bbox 110 650 1812 697; baseline 0 -14"><span class='ocrx_word' id='word_1_74' title='bbox 110 661 192 696; x_wconf 91' lang='lat' dir='ltr'>pum</span> <span class='ocrx_word' id='word_1_75' title='bbox 215 650 533 695; x_wconf 74' lang='lat' dir='ltr'>septemvimruin,</span> <span class='ocrx_word' id='word_1_76' title='bbox 566 662 675 697; x_wconf 89' lang='lat' dir='ltr'>penes</span> <span class='ocrx_word' id='word_1_77' title='bbox 707 662 799 697; x_wconf 87' lang='lat' dir='ltr'>quos</span> <span class='ocrx_word' id='word_1_78' title='bbox 820 650 993 686; x_wconf 69' lang='lat' dir='ltr'>Cicsareni</span> <span class='ocrx_word' id='word_1_79' title='bbox 1024 650 1232 697; x_wconf 74' lang='lat' dir='ltr'>designandi</span> <span class='ocrx_word' id='word_1_80' title='bbox 1256 651 1310 685; x_wconf 91' lang='lat' dir='ltr'>ius</span> <span class='ocrx_word' id='word_1_81' title='bbox 1332 655 1385 685; x_wconf 85' lang='lat' dir='ltr'>est</span> <span class='ocrx_word' id='word_1_82' title='bbox 1409 656 1444 685; x_wconf 90' lang='lat' dir='ltr'>et</span> <span class='ocrx_word' id='word_1_83' title='bbox 1466 654 1639 697; x_wconf 87' lang='lat' dir='ltr'>potestas,</span> <span class='ocrx_word' id='word_1_84' title='bbox 1664 660 1812 684; x_wconf 86' lang='lat' dir='ltr'>assensu</span> 
     </span>
     <span class='ocr_line' id='line_1_9' title="bbox 107 700 1814 753; baseline -0.001 -13"><span class='ocrx_word' id='word_1_85' title='bbox 107 705 254 740; x_wconf 86' lang='lat' dir='ltr'>Lutheri</span> <span class='ocrx_word' id='word_1_86' title='bbox 287 705 445 741; x_wconf 65' lang='lat' dir='ltr'>lia&gt;retici</span> <span class='ocrx_word' id='word_1_87' title='bbox 477 705 610 745; x_wconf 88' lang='lat' dir='ltr'>libros,</span> <span class='ocrx_word' id='word_1_88' title='bbox 643 712 891 745; x_wconf 86' lang='lat' dir='ltr'>monumenta,</span> <span class='ocrx_word' id='word_1_89' title='bbox 925 718 1003 752; x_wconf 63' lang='lat' dir='ltr'>quse</span> <span class='ocrx_word' id='word_1_90' title='bbox 1023 712 1073 741; x_wconf 85' lang='lat' dir='ltr'>.ut</span> <span class='ocrx_word' id='word_1_91' title='bbox 1105 706 1300 753; x_wconf 88' lang='lat' dir='ltr'>posteritas</span> <span class='ocrx_word' id='word_1_92' title='bbox 1330 705 1465 741; x_wconf 85' lang='lat' dir='ltr'>coleret</span> <span class='ocrx_word' id='word_1_93' title='bbox 1498 700 1660 751; x_wconf 75' lang='lat' dir='ltr'>indigna,</span> <span class='ocrx_word' id='word_1_94' title='bbox 1698 704 1814 752; x_wconf 89' lang='lat' dir='ltr'>palam</span> 
     </span>
     <span class='ocr_line' id='line_1_10' title="bbox 107 762 1815 808; baseline -0.002 -11"><span class='ocrx_word' id='word_1_95' title='bbox 107 762 348 801; x_wconf 84' lang='lat' dir='ltr'>concremari,</span> <span class='ocrx_word' id='word_1_96' title='bbox 389 762 585 797; x_wconf 89' lang='lat' dir='ltr'>induratam</span> <span class='ocrx_word' id='word_1_97' title='bbox 619 763 772 797; x_wconf 84' lang='lat' dir='ltr'>bominis</span> <span class='ocrx_word' id='word_1_98' title='bbox 804 774 874 798; x_wconf 92' lang='lat' dir='ltr'>non</span> <span class='ocrx_word' id='word_1_99' title='bbox 908 762 1053 797; x_wconf 81' lang='lat' dir='ltr'>serendo</span> <span class='ocrx_word' id='word_1_100' title='bbox 1085 774 1207 797; x_wconf 85' lang='lat' dir='ltr'>errore</span> <span class='ocrx_word' id='word_1_101' title='bbox 1239 762 1368 808; x_wconf 69' lang='lat' dir='ltr'>insigni</span> <span class='ocrx_word' id='word_1_102' title='bbox 1401 767 1638 798; x_wconf 70' lang='lat' dir='ltr'>sacrosanctie</span> <span class='ocrx_word' id='word_1_103' title='bbox 1670 766 1815 808; x_wconf 84' lang='lat' dir='ltr'>aposto-</span> 
     </span>
     <span class='ocr_line' id='line_1_11' title="bbox 70 817 1814 865; baseline 0.001 -15"><span class='ocrx_word' id='word_1_104' title='bbox 70 824 98 849; x_wconf 83' lang='lat'>10</span> <span class='ocrx_word' id='word_1_105' title='bbox 113 817 190 852; x_wconf 63' lang='lat' dir='ltr'>licae</span> <span class='ocrx_word' id='word_1_106' title='bbox 229 817 416 853; x_wconf 84' lang='lat' dir='ltr'>sentcntia=</span> <span class='ocrx_word' id='word_1_107' title='bbox 455 819 549 852; x_wconf 86' lang='lat' dir='ltr'>sacto</span> <span class='ocrx_word' id='word_1_108' title='bbox 588 818 821 865; x_wconf 85' lang='lat' dir='ltr'>pertinaciam</span> <span class='ocrx_word' id='word_1_109' title='bbox 859 818 1034 853; x_wconf 86' lang='lat' dir='ltr'>testando.</span> <span class='ocrx_word' id='word_1_110' title='bbox 1082 817 1224 853; x_wconf 86' lang='lat' dir='ltr'>illorum</span> <span class='ocrx_word' id='word_1_111' title='bbox 1271 819 1355 853; x_wconf 90' lang='lat' dir='ltr'>item</span> <span class='ocrx_word' id='word_1_112' title='bbox 1396 824 1468 854; x_wconf 87' lang='lat' dir='ltr'>tam</span> <span class='ocrx_word' id='word_1_113' title='bbox 1507 817 1692 864; x_wconf 69' lang='lat' dir='ltr'>ln‘obando</span> <span class='ocrx_word' id='word_1_114' title='bbox 1731 823 1814 852; x_wconf 73' lang='lat' dir='ltr'>voto</span> 
     </span>
     <span class='ocr_line' id='line_1_12' title="bbox 111 872 1816 921; baseline 0 -13"><span class='ocrx_word' id='word_1_115' title='bbox 111 873 147 908; x_wconf 89' lang='lat' dir='ltr'>S.</span> <span class='ocrx_word' id='word_1_116' title='bbox 180 873 215 907; x_wconf 87' lang='lat' dir='ltr'>P.</span> <span class='ocrx_word' id='word_1_117' title='bbox 249 872 287 916; x_wconf 83' lang='lat' dir='ltr'>Q.</span> <span class='ocrx_word' id='word_1_118' title='bbox 321 873 567 909; x_wconf 79' lang='lat' dir='ltr'>Coloniensein</span> <span class='ocrx_word' id='word_1_119' title='bbox 607 880 815 910; x_wconf 74' lang='lat' dir='ltr'>constanter</span> <span class='ocrx_word' id='word_1_120' title='bbox 853 874 1025 920; x_wconf 66' lang='lat' dir='ltr'>singulari</span> <span class='ocrx_word' id='word_1_121' title='bbox 1069 875 1217 921; x_wconf 89' lang='lat' dir='ltr'>quadam</span> <span class='ocrx_word' id='word_1_122' title='bbox 1260 875 1308 909; x_wconf 91' lang='lat' dir='ltr'>rei</span> <span class='ocrx_word' id='word_1_123' title='bbox 1349 874 1559 921; x_wconf 78' lang='lat' dir='ltr'>indignitate</span> <span class='ocrx_word' id='word_1_124' title='bbox 1598 879 1816 909; x_wconf 83' lang='lat' dir='ltr'>commotum</span> 
     </span>
     <span class='ocr_line' id='line_1_13' title="bbox 110 928 1815 978; baseline 0.001 -15"><span class='ocrx_word' id='word_1_125' title='bbox 110 928 353 969; x_wconf 72' lang='lat' dir='ltr'>subscribere,</span> <span class='ocrx_word' id='word_1_126' title='bbox 401 930 444 964; x_wconf 90' lang='lat' dir='ltr'>iis</span> <span class='ocrx_word' id='word_1_127' title='bbox 484 936 519 965; x_wconf 91' lang='lat' dir='ltr'>et</span> <span class='ocrx_word' id='word_1_128' title='bbox 550 929 655 977; x_wconf 74' lang='lat' dir='ltr'>longe</span> <span class='ocrx_word' id='word_1_129' title='bbox 688 930 851 978; x_wconf 88' lang='lat' dir='ltr'>pluribus</span> <span class='ocrx_word' id='word_1_130' title='bbox 885 930 1099 977; x_wconf 86' lang='lat' dir='ltr'>impudentis</span> <span class='ocrx_word' id='word_1_131' title='bbox 1131 931 1302 965; x_wconf 80' lang='lat' dir='ltr'>mendacii</span> <span class='ocrx_word' id='word_1_132' title='bbox 1341 931 1395 966; x_wconf 88' lang='lat' dir='ltr'>sui</span> <span class='ocrx_word' id='word_1_133' title='bbox 1437 930 1560 967; x_wconf 58' lang='lat' dir='ltr'>naeniis</span> <span class='ocrx_word' id='word_1_134' title='bbox 1604 929 1715 965; x_wconf 85' lang='lat' dir='ltr'>seculi</span> <span class='ocrx_word' id='word_1_135' title='bbox 1748 929 1815 964; x_wconf 87' lang='lat' dir='ltr'>iste</span> 
     </span>
     <span class='ocr_line' id='line_1_14' title="bbox 109 985 1899 1033; baseline -0.001 -14"><span class='ocrx_word' id='word_1_136' title='bbox 109 985 275 1021; x_wconf 85' lang='lat' dir='ltr'>sacerdos</span> <span class='ocrx_word' id='word_1_137' title='bbox 314 985 530 1033; x_wconf 88' lang='lat' dir='ltr'>impietatem</span> <span class='ocrx_word' id='word_1_138' title='bbox 571 987 661 1022; x_wconf 88' lang='lat' dir='ltr'>banc</span> <span class='ocrx_word' id='word_1_139' title='bbox 703 987 875 1023; x_wconf 86' lang='lat' dir='ltr'>adornare</span> <span class='ocrx_word' id='word_1_140' title='bbox 908 987 941 1021; x_wconf 95' lang='lat' dir='ltr'>in</span> <span class='ocrx_word' id='word_1_141' title='bbox 982 985 1084 1033; x_wconf 90' lang='lat' dir='ltr'>plebe</span> <span class='ocrx_word' id='word_1_142' title='bbox 1124 986 1270 1021; x_wconf 85' lang='lat' dir='ltr'>inolitus</span> <span class='ocrx_word' id='word_1_143' title='bbox 1302 993 1368 1021; x_wconf 86' lang='lat' dir='ltr'>est.</span> <span class='ocrx_word' id='word_1_144' title='bbox 1415 986 1511 1029; x_wconf 83' lang='lat' dir='ltr'>Quo,</span> <span class='ocrx_word' id='word_1_145' title='bbox 1543 986 1682 1021; x_wconf 79' lang='lat' dir='ltr'>Christe</span> <span class='ocrx_word' id='word_1_146' title='bbox 1713 985 1816 1023; x_wconf 87' lang='lat' dir='ltr'>bone,</span> <span class='ocrx_word' id='word_1_147' title='bbox 1832 986 1899 1017; x_wconf 75' lang='lat'>§.¹0</span> 
     </span>
     <span class='ocr_line' id='line_1_15' title="bbox 110 1042 1818 1090; baseline 0.002 -14"><span class='ocrx_word' id='word_1_148' title='bbox 110 1042 282 1088; x_wconf 77' lang='lat' dir='ltr'>respicis?</span> <span class='ocrx_word' id='word_1_149' title='bbox 317 1053 399 1077; x_wconf 89' lang='lat' dir='ltr'>num</span> <span class='ocrx_word' id='word_1_150' title='bbox 423 1043 512 1078; x_wconf 88' lang='lat' dir='ltr'>banc</span> <span class='ocrx_word' id='word_1_151' title='bbox 533 1049 669 1090; x_wconf 82' lang='lat' dir='ltr'>pestem</span> <span class='ocrx_word' id='word_1_152' title='bbox 698 1042 846 1078; x_wconf 79' lang='lat' dir='ltr'>fulmine</span> <span class='ocrx_word' id='word_1_153' title='bbox 869 1043 1058 1089; x_wconf 86' lang='lat' dir='ltr'>aliquando</span> <span class='ocrx_word' id='word_1_154' title='bbox 1081 1042 1285 1078; x_wconf 77' lang='lat' dir='ltr'>disturbas?</span> <span class='ocrx_word' id='word_1_155' title='bbox 1316 1043 1476 1081; x_wconf 70' lang='lat' dir='ltr'>Alidem,</span> <span class='ocrx_word' id='word_1_156' title='bbox 1500 1043 1598 1077; x_wconf 90' lang='lat' dir='ltr'>nullo</span> <span class='ocrx_word' id='word_1_157' title='bbox 1621 1047 1818 1079; x_wconf 71' lang='lat' dir='ltr'>aversante,</span> 
     </span>
     <span class='ocr_line' id='line_1_16' title="bbox 69 1098 1818 1145; baseline 0.001 -15"><span class='ocrx_word' id='word_1_158' title='bbox 69 1108 173 1133; x_wconf 62' lang='lat' dir='ltr'>isnec</span> <span class='ocrx_word' id='word_1_159' title='bbox 215 1098 317 1133; x_wconf 84' lang='lat' dir='ltr'>deun]</span> <span class='ocrx_word' id='word_1_160' title='bbox 352 1098 573 1134; x_wconf 67' lang='lat' dir='ltr'>boinintunxe</span> <span class='ocrx_word' id='word_1_161' title='bbox 607 1099 759 1134; x_wconf 86' lang='lat' dir='ltr'>ultorem</span> <span class='ocrx_word' id='word_1_162' title='bbox 794 1099 879 1134; x_wconf 91' lang='lat' dir='ltr'>tanti</span> <span class='ocrx_word' id='word_1_163' title='bbox 912 1099 1057 1134; x_wconf 62' lang='lat' dir='ltr'>steleris</span> <span class='ocrx_word' id='word_1_164' title='bbox 1088 1105 1271 1138; x_wconf 77' lang='lat' dir='ltr'>verentes,</span> <span class='ocrx_word' id='word_1_165' title='bbox 1313 1098 1426 1145; x_wconf 89' lang='lat' dir='ltr'>palam</span> <span class='ocrx_word' id='word_1_166' title='bbox 1467 1111 1546 1145; x_wconf 69' lang='lat' dir='ltr'>quae</span> <span class='ocrx_word' id='word_1_167' title='bbox 1585 1098 1716 1133; x_wconf 87' lang='lat' dir='ltr'>diaboli</span> <span class='ocrx_word' id='word_1_168' title='bbox 1750 1098 1818 1133; x_wconf 87' lang='lat' dir='ltr'>ser-</span> 
     </span>
     <span class='ocr_line' id='line_1_17' title="bbox 110 1154 1819 1202; baseline -0.001 -14"><span class='ocrx_word' id='word_1_169' title='bbox 110 1159 231 1189; x_wconf 90' lang='lat' dir='ltr'>mento</span> <span class='ocrx_word' id='word_1_170' title='bbox 263 1160 364 1189; x_wconf 84' lang='lat' dir='ltr'>eruta</span> <span class='ocrx_word' id='word_1_171' title='bbox 396 1161 479 1189; x_wconf 86' lang='lat' dir='ltr'>sunt</span> <span class='ocrx_word' id='word_1_172' title='bbox 510 1156 687 1191; x_wconf 87' lang='lat' dir='ltr'>mendacia</span> <span class='ocrx_word' id='word_1_173' title='bbox 720 1168 799 1191; x_wconf 89' lang='lat' dir='ltr'>cuin</span> <span class='ocrx_word' id='word_1_174' title='bbox 822 1155 952 1190; x_wconf 85' lang='lat' dir='ltr'>Christi</span> <span class='ocrx_word' id='word_1_175' title='bbox 985 1154 1168 1201; x_wconf 74' lang='lat' dir='ltr'>evangelio</span> <span class='ocrx_word' id='word_1_176' title='bbox 1199 1156 1305 1190; x_wconf 80' lang='lat' dir='ltr'>mixta</span> <span class='ocrx_word' id='word_1_177' title='bbox 1337 1154 1471 1202; x_wconf 86' lang='lat' dir='ltr'>populo</span> <span class='ocrx_word' id='word_1_178' title='bbox 1495 1155 1701 1201; x_wconf 64' lang='lat' dir='ltr'>przedicare.</span> <span class='ocrx_word' id='word_1_179' title='bbox 1734 1154 1819 1196; x_wconf 78' lang='lat' dir='ltr'>Quis</span> 
     </span>
     <span class='ocr_line' id='line_1_18' title="bbox 109 1210 1819 1258; baseline -0.001 -14"><span class='ocrx_word' id='word_1_180' title='bbox 109 1210 175 1246; x_wconf 84' lang='lat' dir='ltr'>boc</span> <span class='ocrx_word' id='word_1_181' title='bbox 207 1216 415 1257; x_wconf 81' lang='lat' dir='ltr'>serpentum</span> <span class='ocrx_word' id='word_1_182' title='bbox 456 1217 490 1246; x_wconf 83' lang='lat' dir='ltr'>et</span> <span class='ocrx_word' id='word_1_183' title='bbox 527 1212 728 1258; x_wconf 72' lang='lat' dir='ltr'>viperarum</span> <span class='ocrx_word' id='word_1_184' title='bbox 767 1223 880 1258; x_wconf 75' lang='lat' dir='ltr'>genus</span> <span class='ocrx_word' id='word_1_185' title='bbox 920 1210 1051 1246; x_wconf 89' lang='lat' dir='ltr'>diaboli</span> <span class='ocrx_word' id='word_1_186' title='bbox 1083 1222 1202 1246; x_wconf 87' lang='lat' dir='ltr'>semen</span> <span class='ocrx_word' id='word_1_187' title='bbox 1242 1222 1321 1246; x_wconf 85' lang='lat' dir='ltr'>esse</span> <span class='ocrx_word' id='word_1_188' title='bbox 1359 1223 1429 1246; x_wconf 92' lang='lat' dir='ltr'>non</span> <span class='ocrx_word' id='word_1_189' title='bbox 1460 1211 1568 1249; x_wconf 89' lang='lat' dir='ltr'>dieat,</span> <span class='ocrx_word' id='word_1_190' title='bbox 1616 1211 1674 1257; x_wconf 91' lang='lat' dir='ltr'>qui</span> <span class='ocrx_word' id='word_1_191' title='bbox 1706 1215 1819 1256; x_wconf 82' lang='lat' dir='ltr'>patrls</span> 
     </span>
     <span class='ocr_line' id='line_1_19' title="bbox 108 1266 1820 1314; baseline -0.001 -13"><span class='ocrx_word' id='word_1_192' title='bbox 108 1266 192 1301; x_wconf 88' lang='lat' dir='ltr'>ludo</span> <span class='ocrx_word' id='word_1_193' title='bbox 217 1266 373 1301; x_wconf 84' lang='lat' dir='ltr'>instituti</span> <span class='ocrx_word' id='word_1_194' title='bbox 408 1272 475 1301; x_wconf 84' lang='lat' dir='ltr'>tani</span> <span class='ocrx_word' id='word_1_195' title='bbox 507 1268 742 1303; x_wconf 76' lang='lat' dir='ltr'>inverecunde</span> <span class='ocrx_word' id='word_1_196' title='bbox 775 1268 908 1314; x_wconf 88' lang='lat' dir='ltr'>absque</span> <span class='ocrx_word' id='word_1_197' title='bbox 941 1268 1035 1302; x_wconf 87' lang='lat' dir='ltr'>omni</span> <span class='ocrx_word' id='word_1_198' title='bbox 1067 1272 1162 1302; x_wconf 88' lang='lat' dir='ltr'>metu</span> <span class='ocrx_word' id='word_1_199' title='bbox 1194 1268 1326 1314; x_wconf 75' lang='lat' dir='ltr'>passini</span> <span class='ocrx_word' id='word_1_200' title='bbox 1358 1267 1498 1302; x_wconf 91' lang='lat' dir='ltr'>mentiri</span> <span class='ocrx_word' id='word_1_201' title='bbox 1531 1272 1599 1302; x_wconf 88' lang='lat' dir='ltr'>tam</span> <span class='ocrx_word' id='word_1_202' title='bbox 1631 1266 1820 1312; x_wconf 72' lang='lat' dir='ltr'>insigniter</span> 
     </span>
     <span class='ocr_line' id='line_1_20' title="bbox 110 1322 1820 1371; baseline 0 -15"><span class='ocrx_word' id='word_1_203' title='bbox 110 1334 181 1358; x_wconf 91' lang='lat' dir='ltr'>non</span> <span class='ocrx_word' id='word_1_204' title='bbox 213 1322 452 1358; x_wconf 66' lang='lat' dir='ltr'>erubescunt?</span> <span class='ocrx_word' id='word_1_205' title='bbox 483 1323 588 1363; x_wconf 88' lang='lat' dir='ltr'>Esto,</span> <span class='ocrx_word' id='word_1_206' title='bbox 621 1324 838 1371; x_wconf 80' lang='lat' dir='ltr'>imperatore</span> <span class='ocrx_word' id='word_1_207' title='bbox 870 1324 1108 1362; x_wconf 63' lang='lat' dir='ltr'>ctnmivente,</span> <span class='ocrx_word' id='word_1_208' title='bbox 1155 1324 1250 1369; x_wconf 85' lang='lat' dir='ltr'>quod</span> <span class='ocrx_word' id='word_1_209' title='bbox 1282 1329 1320 1358; x_wconf 91' lang='lat' dir='ltr'>ut</span> <span class='ocrx_word' id='word_1_210' title='bbox 1353 1324 1492 1359; x_wconf 89' lang='lat' dir='ltr'>credam</span> <span class='ocrx_word' id='word_1_211' title='bbox 1526 1334 1696 1370; x_wconf 79' lang='lat' dir='ltr'>perquam</span> <span class='ocrx_word' id='word_1_212' title='bbox 1727 1322 1820 1356; x_wconf 81' lang='lat' dir='ltr'>disti-</span> 
     </span>
     <span class='ocr_line' id='line_1_21' title="bbox 65 1378 1820 1427; baseline -0.001 -14"><span class='ocrx_word' id='word_1_213' title='bbox 65 1378 176 1414; x_wconf 72' lang='lat' dir='ltr'>20cile</span> <span class='ocrx_word' id='word_1_214' title='bbox 208 1379 375 1419; x_wconf 88' lang='lat' dir='ltr'>inducor,</span> <span class='ocrx_word' id='word_1_215' title='bbox 418 1385 456 1414; x_wconf 87' lang='lat' dir='ltr'>ut</span> <span class='ocrx_word' id='word_1_216' title='bbox 494 1391 537 1414; x_wconf 88' lang='lat' dir='ltr'>ne</span> <span class='ocrx_word' id='word_1_217' title='bbox 568 1381 753 1415; x_wconf 81' lang='lat' dir='ltr'>mandasse</span> <span class='ocrx_word' id='word_1_218' title='bbox 786 1381 926 1427; x_wconf 87' lang='lat' dir='ltr'>quidem</span> <span class='ocrx_word' id='word_1_219' title='bbox 967 1385 1102 1415; x_wconf 85' lang='lat' dir='ltr'>tantum</span> <span class='ocrx_word' id='word_1_220' title='bbox 1134 1380 1241 1415; x_wconf 84' lang='lat' dir='ltr'>licroa</span> <span class='ocrx_word' id='word_1_221' title='bbox 1279 1380 1391 1415; x_wconf 88' lang='lat' dir='ltr'>dicam</span> <span class='ocrx_word' id='word_1_222' title='bbox 1430 1379 1566 1414; x_wconf 84' lang='lat' dir='ltr'>facinus</span> <span class='ocrx_word' id='word_1_223' title='bbox 1606 1378 1707 1416; x_wconf 91' lang='lat' dir='ltr'>illud,</span> <span class='ocrx_word' id='word_1_224' title='bbox 1758 1388 1820 1424; x_wconf 92' lang='lat' dir='ltr'>per</span> 
     </span>
     <span class='ocr_line' id='line_1_22' title="bbox 110 1433 1817 1483; baseline -0.002 -13"><span class='ocrx_word' id='word_1_225' title='bbox 110 1446 171 1470; x_wconf 80' lang='lat' dir='ltr'>ros</span> <span class='ocrx_word' id='word_1_226' title='bbox 203 1435 291 1470; x_wconf 87' lang='lat' dir='ltr'>inira</span> <span class='ocrx_word' id='word_1_227' title='bbox 324 1436 497 1483; x_wconf 84' lang='lat' dir='ltr'>vapbritia</span> <span class='ocrx_word' id='word_1_228' title='bbox 529 1437 780 1477; x_wconf 83' lang='lat' dir='ltr'>connnissum;</span> <span class='ocrx_word' id='word_1_229' title='bbox 826 1437 912 1471; x_wconf 89' lang='lat' dir='ltr'>adde</span> <span class='ocrx_word' id='word_1_230' title='bbox 954 1441 989 1470; x_wconf 85' lang='lat' dir='ltr'>et</span> <span class='ocrx_word' id='word_1_231' title='bbox 1033 1436 1171 1482; x_wconf 85' lang='lat' dir='ltr'>aliquot.</span> <span class='ocrx_word' id='word_1_232' title='bbox 1202 1436 1360 1470; x_wconf 87' lang='lat' dir='ltr'>eiusdem</span> <span class='ocrx_word' id='word_1_233' title='bbox 1390 1437 1582 1482; x_wconf 76' lang='lat' dir='ltr'>unguenti,</span> <span class='ocrx_word' id='word_1_234' title='bbox 1636 1446 1726 1481; x_wconf 87' lang='lat' dir='ltr'>quos</span> <span class='ocrx_word' id='word_1_235' title='bbox 1768 1433 1817 1468; x_wconf 78' lang='lat' dir='ltr'>rel</span> 
     </span>
     <span class='ocr_line' id='line_1_23' title="bbox 111 1491 1820 1539; baseline -0.001 -13"><span class='ocrx_word' id='word_1_236' title='bbox 111 1496 208 1538; x_wconf 70' lang='lat' dir='ltr'>tyara</span> <span class='ocrx_word' id='word_1_237' title='bbox 240 1492 398 1526; x_wconf 85' lang='lat' dir='ltr'>Romano</span> <span class='ocrx_word' id='word_1_238' title='bbox 443 1492 603 1539; x_wconf 84' lang='lat' dir='ltr'>pontifici</span> <span class='ocrx_word' id='word_1_239' title='bbox 649 1493 838 1528; x_wconf 78' lang='lat' dir='ltr'>admodum</span> <span class='ocrx_word' id='word_1_240' title='bbox 883 1492 1054 1531; x_wconf 71' lang='lat' dir='ltr'>devincit,</span> <span class='ocrx_word' id='word_1_241' title='bbox 1101 1491 1192 1526; x_wconf 74' lang='lat' dir='ltr'>rotis</span> <span class='ocrx_word' id='word_1_242' title='bbox 1239 1492 1364 1527; x_wconf 75' lang='lat' dir='ltr'>restris</span> <span class='ocrx_word' id='word_1_243' title='bbox 1410 1491 1599 1526; x_wconf 82' lang='lat' dir='ltr'>consilium</span> <span class='ocrx_word' id='word_1_244' title='bbox 1646 1501 1820 1537; x_wconf 80' lang='lat' dir='ltr'>opemque</span> 
     </span>
     <span class='ocr_line' id='line_1_24' title="bbox 109 1545 1819 1595; baseline -0.002 -13"><span class='ocrx_word' id='word_1_245' title='bbox 109 1547 254 1582; x_wconf 87' lang='lat' dir='ltr'>tulisse:</span> <span class='ocrx_word' id='word_1_246' title='bbox 290 1553 372 1583; x_wconf 89' lang='lat' dir='ltr'>tune</span> <span class='ocrx_word' id='word_1_247' title='bbox 395 1548 568 1595; x_wconf 89' lang='lat' dir='ltr'>proinde,</span> <span class='ocrx_word' id='word_1_248' title='bbox 592 1548 862 1584; x_wconf 84' lang='lat' dir='ltr'>mendacissime</span> <span class='ocrx_word' id='word_1_249' title='bbox 885 1548 1119 1595; x_wconf 53' lang='lat' dir='ltr'>prafdicaitn‘,</span> <span class='ocrx_word' id='word_1_250' title='bbox 1153 1553 1329 1595; x_wconf 76' lang='lat' dir='ltr'>quotquot</span> <span class='ocrx_word' id='word_1_251' title='bbox 1355 1547 1501 1582; x_wconf 88' lang='lat' dir='ltr'>aderant</span> <span class='ocrx_word' id='word_1_252' title='bbox 1531 1545 1711 1593; x_wconf 83' lang='lat' dir='ltr'>principes</span> <span class='ocrx_word' id='word_1_253' title='bbox 1743 1546 1819 1584; x_wconf 73' lang='lat' dir='ltr'>viri,</span> 
     </span>
     <span class='ocr_line' id='line_1_25' title="bbox 109 1602 1820 1650; baseline -0.001 -13"><span class='ocrx_word' id='word_1_254' title='bbox 109 1614 170 1639; x_wconf 87' lang='lat' dir='ltr'>eos</span> <span class='ocrx_word' id='word_1_255' title='bbox 202 1603 284 1639; x_wconf 85' lang='lat' dir='ltr'>huie</span> <span class='ocrx_word' id='word_1_256' title='bbox 315 1604 498 1650; x_wconf 65' lang='lat' dir='ltr'>tragoeiliae</span> <span class='ocrx_word' id='word_1_257' title='bbox 530 1605 710 1640; x_wconf 77' lang='lat' dir='ltr'>involvere</span> <span class='ocrx_word' id='word_1_258' title='bbox 742 1616 850 1640; x_wconf 87' lang='lat' dir='ltr'>ausus</span> <span class='ocrx_word' id='word_1_259' title='bbox 873 1607 933 1639; x_wconf 66' lang='lat' dir='ltr'>es?</span> <span class='ocrx_word' id='word_1_260' title='bbox 965 1604 1080 1639; x_wconf 83' lang='lat' dir='ltr'>credis</span> <span class='ocrx_word' id='word_1_261' title='bbox 1114 1609 1168 1638; x_wconf 86' lang='lat' dir='ltr'>tot</span> <span class='ocrx_word' id='word_1_262' title='bbox 1191 1604 1373 1638; x_wconf 88' lang='lat' dir='ltr'>bominum</span> <span class='ocrx_word' id='word_1_263' title='bbox 1395 1602 1492 1638; x_wconf 88' lang='lat' dir='ltr'>mille</span> <span class='ocrx_word' id='word_1_264' title='bbox 1524 1602 1619 1637; x_wconf 89' lang='lat' dir='ltr'>milia</span> <span class='ocrx_word' id='word_1_265' title='bbox 1644 1609 1713 1638; x_wconf 89' lang='lat' dir='ltr'>tam</span> <span class='ocrx_word' id='word_1_266' title='bbox 1743 1613 1820 1637; x_wconf 77' lang='lat' dir='ltr'>esse</span> 
     </span>
     <span class='ocr_line' id='line_1_26' title="bbox 63 1659 1817 1708; baseline -0.001 -14"><span class='ocrx_word' id='word_1_267' title='bbox 63 1669 95 1693; x_wconf 78' lang='lat'>25</span> <span class='ocrx_word' id='word_1_268' title='bbox 111 1660 294 1707; x_wconf 85' lang='lat' dir='ltr'>stupidos,</span> <span class='ocrx_word' id='word_1_269' title='bbox 336 1666 375 1695; x_wconf 88' lang='lat' dir='ltr'>ut</span> <span class='ocrx_word' id='word_1_270' title='bbox 415 1661 610 1696; x_wconf 88' lang='lat' dir='ltr'>inultorum</span> <span class='ocrx_word' id='word_1_271' title='bbox 655 1662 855 1708; x_wconf 73' lang='lat' dir='ltr'>ignorantia</span> <span class='ocrx_word' id='word_1_272' title='bbox 894 1660 1095 1707; x_wconf 88' lang='lat' dir='ltr'>principum</span> <span class='ocrx_word' id='word_1_273' title='bbox 1135 1660 1252 1695; x_wconf 88' lang='lat' dir='ltr'>scelus</span> <span class='ocrx_word' id='word_1_274' title='bbox 1295 1665 1392 1695; x_wconf 89' lang='lat' dir='ltr'>tuum</span> <span class='ocrx_word' id='word_1_275' title='bbox 1433 1659 1642 1706; x_wconf 70' lang='lat' dir='ltr'>adgressum</span> <span class='ocrx_word' id='word_1_276' title='bbox 1683 1664 1716 1693; x_wconf 87' lang='lat' dir='ltr'>te</span> <span class='ocrx_word' id='word_1_277' title='bbox 1748 1669 1817 1692; x_wconf 90' lang='lat' dir='ltr'>non</span> 
     </span>
     <span class='ocr_line' id='line_1_27' title="bbox 110 1713 1895 1765; baseline -0.002 -15"><span class='ocrx_word' id='word_1_278' title='bbox 110 1716 249 1751; x_wconf 79' lang='lat' dir='ltr'>rideant</span> <span class='ocrx_word' id='word_1_279' title='bbox 280 1716 591 1764; x_wconf 79' lang='lat' dir='ltr'>intellegantque?</span> <span class='ocrx_word' id='word_1_280' title='bbox 638 1716 798 1760; x_wconf 80' lang='lat' dir='ltr'>Quorum</span> <span class='ocrx_word' id='word_1_281' title='bbox 831 1718 859 1752; x_wconf 91' lang='lat' dir='ltr'>si</span> <span class='ocrx_word' id='word_1_282' title='bbox 891 1713 1015 1765; x_wconf 55' lang='lat' dir='ltr'>aliiqui</span> <span class='ocrx_word' id='word_1_283' title='bbox 1046 1717 1152 1752; x_wconf 88' lang='lat' dir='ltr'>etiam</span> <span class='ocrx_word' id='word_1_284' title='bbox 1191 1728 1231 1751; x_wconf 83' lang='lat' dir='ltr'>ex</span> <span class='ocrx_word' id='word_1_285' title='bbox 1264 1716 1452 1763; x_wconf 62' lang='lat' dir='ltr'>praecipuis</span> <span class='ocrx_word' id='word_1_286' title='bbox 1485 1716 1702 1757; x_wconf 75' lang='lat' dir='ltr'>adfuissent,</span> <span class='ocrx_word' id='word_1_287' title='bbox 1734 1714 1895 1749; x_wconf 78' lang='lat' dir='ltr'>mibi§.11</span> 
     </span>
     <span class='ocr_line' id='line_1_28' title="bbox 108 1771 1819 1821; baseline -0.002 -14"><span class='ocrx_word' id='word_1_288' title='bbox 108 1773 231 1812; x_wconf 88' lang='lat' dir='ltr'>crede,</span> <span class='ocrx_word' id='word_1_289' title='bbox 266 1778 315 1812; x_wconf 86' lang='lat' dir='ltr'>tu,</span> <span class='ocrx_word' id='word_1_290' title='bbox 348 1773 570 1820; x_wconf 86' lang='lat' dir='ltr'>ineptissime</span> <span class='ocrx_word' id='word_1_291' title='bbox 603 1774 800 1821; x_wconf 83' lang='lat' dir='ltr'>impostor,</span> <span class='ocrx_word' id='word_1_292' title='bbox 834 1785 938 1820; x_wconf 85' lang='lat' dir='ltr'>quani</span> <span class='ocrx_word' id='word_1_293' title='bbox 970 1784 1039 1807; x_wconf 93' lang='lat' dir='ltr'>non</span> <span class='ocrx_word' id='word_1_294' title='bbox 1072 1771 1197 1820; x_wconf 82' lang='lat' dir='ltr'>procul</span> <span class='ocrx_word' id='word_1_295' title='bbox 1239 1784 1254 1807; x_wconf 88' lang='lat' dir='ltr'>a</span> <span class='ocrx_word' id='word_1_296' title='bbox 1288 1772 1410 1819; x_wconf 80' lang='lat' dir='ltr'>populi</span> <span class='ocrx_word' id='word_1_297' title='bbox 1443 1772 1619 1807; x_wconf 89' lang='lat' dir='ltr'>seditione</span> <span class='ocrx_word' id='word_1_298' title='bbox 1658 1771 1692 1805; x_wconf 94' lang='lat' dir='ltr'>in</span> <span class='ocrx_word' id='word_1_299' title='bbox 1725 1776 1819 1806; x_wconf 91' lang='lat' dir='ltr'>tuam</span> 
     </span>
     <span class='ocr_line' id='line_1_29' title="bbox 108 1827 1822 1876; baseline -0.002 -13"><span class='ocrx_word' id='word_1_300' title='bbox 108 1829 303 1875; x_wconf 88' lang='lat' dir='ltr'>perniciem</span> <span class='ocrx_word' id='word_1_301' title='bbox 335 1828 493 1864; x_wconf 86' lang='lat' dir='ltr'>abfuisse</span> <span class='ocrx_word' id='word_1_302' title='bbox 524 1830 685 1865; x_wconf 81' lang='lat' dir='ltr'>diceres?</span> <span class='ocrx_word' id='word_1_303' title='bbox 718 1835 752 1865; x_wconf 87' lang='lat' dir='ltr'>et</span> <span class='ocrx_word' id='word_1_304' title='bbox 783 1829 915 1876; x_wconf 78' lang='lat' dir='ltr'>dignus</span> <span class='ocrx_word' id='word_1_305' title='bbox 947 1829 1088 1876; x_wconf 87' lang='lat' dir='ltr'>quidem</span> <span class='ocrx_word' id='word_1_306' title='bbox 1129 1830 1195 1864; x_wconf 85' lang='lat' dir='ltr'>hoc.</span> <span class='ocrx_word' id='word_1_307' title='bbox 1228 1829 1407 1875; x_wconf 87' lang='lat' dir='ltr'>stipendio</span> <span class='ocrx_word' id='word_1_308' title='bbox 1438 1828 1732 1863; x_wconf 83' lang='lat' dir='ltr'>memlacissiinus</span> <span class='ocrx_word' id='word_1_309' title='bbox 1764 1827 1822 1861; x_wconf 90' lang='lat' dir='ltr'>de-</span> 
     </span>
     <span class='ocr_line' id='line_1_30' title="bbox 110 1883 1820 1933; baseline -0.001 -14"><span class='ocrx_word' id='word_1_310' title='bbox 110 1885 318 1921; x_wconf 89' lang='lat' dir='ltr'>blaterator.</span> <span class='ocrx_word' id='word_1_311' title='bbox 352 1886 413 1920; x_wconf 90' lang='lat' dir='ltr'>sed</span> <span class='ocrx_word' id='word_1_312' title='bbox 446 1891 482 1920; x_wconf 92' lang='lat' dir='ltr'>tu</span> <span class='ocrx_word' id='word_1_313' title='bbox 516 1886 579 1921; x_wconf 91' lang='lat' dir='ltr'>tibi</span> <span class='ocrx_word' id='word_1_314' title='bbox 602 1886 768 1933; x_wconf 87' lang='lat' dir='ltr'>prospice</span> <span class='ocrx_word' id='word_1_315' title='bbox 798 1897 902 1933; x_wconf 87' lang='lat' dir='ltr'>quam</span> <span class='ocrx_word' id='word_1_316' title='bbox 925 1890 1029 1932; x_wconf 85' lang='lat' dir='ltr'>potes</span> <span class='ocrx_word' id='word_1_317' title='bbox 1052 1885 1201 1920; x_wconf 79' lang='lat' dir='ltr'>maxime</span> <span class='ocrx_word' id='word_1_318' title='bbox 1224 1885 1436 1932; x_wconf 86' lang='lat' dir='ltr'>prudenter,</span> <span class='ocrx_word' id='word_1_319' title='bbox 1469 1883 1633 1919; x_wconf 75' lang='lat' dir='ltr'>Kalendie</span> <span class='ocrx_word' id='word_1_320' title='bbox 1666 1883 1820 1919; x_wconf 87' lang='lat' dir='ltr'>nonduin</span> 
     </span>
     <span class='ocr_line' id='line_1_31' title="bbox 64 1939 1821 1989; baseline -0.001 -14"><span class='ocrx_word' id='word_1_321' title='bbox 64 1951 97 1975; x_wconf 74' lang='lat' dir='ltr'>ao</span> <span class='ocrx_word' id='word_1_322' title='bbox 112 1941 296 1980; x_wconf 85' lang='lat' dir='ltr'>abierunt,</span> <span class='ocrx_word' id='word_1_323' title='bbox 329 1941 480 1977; x_wconf 77' lang='lat' dir='ltr'>Senatus</span> <span class='ocrx_word' id='word_1_324' title='bbox 510 1948 681 1989; x_wconf 56' lang='lat' dir='ltr'>praeterea</span> <span class='ocrx_word' id='word_1_325' title='bbox 716 1954 819 1989; x_wconf 87' lang='lat' dir='ltr'>quain</span> <span class='ocrx_word' id='word_1_326' title='bbox 851 1941 1035 1989; x_wconf 65' lang='lat' dir='ltr'>aegerrime</span> <span class='ocrx_word' id='word_1_327' title='bbox 1069 1946 1167 1976; x_wconf 89' lang='lat' dir='ltr'>tuum</span> <span class='ocrx_word' id='word_1_328' title='bbox 1200 1941 1389 1977; x_wconf 82' lang='lat' dir='ltr'>infamandi</span> <span class='ocrx_word' id='word_1_329' title='bbox 1421 1941 1549 1976; x_wconf 82' lang='lat' dir='ltr'>rictum</span> <span class='ocrx_word' id='word_1_330' title='bbox 1573 1946 1607 1974; x_wconf 86' lang='lat' dir='ltr'>et</span> <span class='ocrx_word' id='word_1_331' title='bbox 1629 1939 1821 1975; x_wconf 86' lang='lat' dir='ltr'>mentiendi</span> 
     </span>
     <span class='ocr_line' id='line_1_32' title="bbox 112 1995 1821 2045; baseline -0.002 -13"><span class='ocrx_word' id='word_1_332' title='bbox 112 1998 366 2045; x_wconf 87' lang='lat' dir='ltr'>impudentiam</span> <span class='ocrx_word' id='word_1_333' title='bbox 400 1998 540 2037; x_wconf 85' lang='lat' dir='ltr'>tulerit,</span> <span class='ocrx_word' id='word_1_334' title='bbox 575 2003 651 2033; x_wconf 87' lang='lat' dir='ltr'>tute</span> <span class='ocrx_word' id='word_1_335' title='bbox 685 1998 746 2033; x_wconf 89' lang='lat' dir='ltr'>tibi</span> <span class='ocrx_word' id='word_1_336' title='bbox 779 1998 915 2034; x_wconf 87' lang='lat' dir='ltr'>abunde</span> <span class='ocrx_word' id='word_1_337' title='bbox 950 1998 1052 2033; x_wconf 86' lang='lat' dir='ltr'>testis</span> <span class='ocrx_word' id='word_1_338' title='bbox 1083 2010 1137 2037; x_wconf 77' lang='lat' dir='ltr'>es,</span> <span class='ocrx_word' id='word_1_339' title='bbox 1172 1997 1256 2044; x_wconf 92' lang='lat' dir='ltr'>qui,</span> <span class='ocrx_word' id='word_1_340' title='bbox 1289 2002 1325 2031; x_wconf 88' lang='lat' dir='ltr'>ut</span> <span class='ocrx_word' id='word_1_341' title='bbox 1358 1997 1577 2044; x_wconf 82' lang='lat' dir='ltr'>pertinacius</span> <span class='ocrx_word' id='word_1_342' title='bbox 1601 2001 1661 2031; x_wconf 87' lang='lat' dir='ltr'>tuo</span> <span class='ocrx_word' id='word_1_343' title='bbox 1685 1995 1821 2042; x_wconf 77' lang='lat' dir='ltr'>flagitio</span> 
     </span>
     <span class='ocr_line' id='line_1_33' title="bbox 109 2052 1820 2101; baseline -0.001 -14"><span class='ocrx_word' id='word_1_344' title='bbox 109 2066 236 2101; x_wconf 85' lang='lat' dir='ltr'>posses</span> <span class='ocrx_word' id='word_1_345' title='bbox 268 2054 505 2101; x_wconf 72' lang='lat' dir='ltr'>patrocinsui,</span> <span class='ocrx_word' id='word_1_346' title='bbox 547 2061 703 2090; x_wconf 83' lang='lat' dir='ltr'>sanctam</span> <span class='ocrx_word' id='word_1_347' title='bbox 739 2055 825 2090; x_wconf 90' lang='lat' dir='ltr'>tanti</span> <span class='ocrx_word' id='word_1_348' title='bbox 857 2055 1089 2100; x_wconf 70' lang='lat' dir='ltr'>magistratus</span> <span class='ocrx_word' id='word_1_349' title='bbox 1121 2053 1361 2100; x_wconf 69' lang='lat' dir='ltr'>integritatem</span> <span class='ocrx_word' id='word_1_350' title='bbox 1393 2052 1644 2099; x_wconf 83' lang='lat' dir='ltr'>impurissimis</span> <span class='ocrx_word' id='word_1_351' title='bbox 1667 2052 1739 2086; x_wconf 88' lang='lat' dir='ltr'>oris</span> <span class='ocrx_word' id='word_1_352' title='bbox 1773 2054 1820 2086; x_wconf 89' lang='lat' dir='ltr'>tui</span> 
     </span>
    </p>
   </div>
   <div class='ocr_carea' id='block_1_3' title="bbox 65 2184 1825 2958">
    <p class='ocr_par' dir='ltr' id='par_1_3' title="bbox 65 2184 1825 2958">
     <span class='ocr_line' id='line_1_34' title="bbox 111 2184 1822 2228; baseline -0.002 -11"><span class='ocrx_word' id='word_1_353' title='bbox 111 2190 178 2218; x_wconf 85' lang='lat' dir='ltr'>est.</span> <span class='ocrx_word' id='word_1_354' title='bbox 205 2187 371 2218; x_wconf 88' lang='lat' dir='ltr'>Veritate</span> <span class='ocrx_word' id='word_1_355' title='bbox 398 2187 489 2218; x_wconf 86' lang='lat' dir='ltr'>nibil</span> <span class='ocrx_word' id='word_1_356' title='bbox 515 2190 702 2228; x_wconf 81' lang='lat' dir='ltr'>poterant:</span> <span class='ocrx_word' id='word_1_357' title='bbox 731 2187 944 2226; x_wconf 78' lang='lat' dir='ltr'>mendaciis,</span> <span class='ocrx_word' id='word_1_358' title='bbox 975 2190 1009 2217; x_wconf 86' lang='lat' dir='ltr'>et</span> <span class='ocrx_word' id='word_1_359' title='bbox 1036 2186 1179 2227; x_wconf 86' lang='lat' dir='ltr'>quidem</span> <span class='ocrx_word' id='word_1_360' title='bbox 1205 2190 1278 2217; x_wconf 81' lang='lat' dir='ltr'>tam</span> <span class='ocrx_word' id='word_1_361' title='bbox 1305 2185 1454 2226; x_wconf 76' lang='lat' dir='ltr'>apertis,</span> <span class='ocrx_word' id='word_1_362' title='bbox 1482 2188 1521 2215; x_wconf 90' lang='lat' dir='ltr'>ut</span> <span class='ocrx_word' id='word_1_363' title='bbox 1546 2195 1650 2215; x_wconf 87' lang='lat' dir='ltr'>nemo</span> <span class='ocrx_word' id='word_1_364' title='bbox 1675 2194 1746 2215; x_wconf 88' lang='lat' dir='ltr'>non</span> <span class='ocrx_word' id='word_1_365' title='bbox 1771 2184 1822 2215; x_wconf 75' lang='lat' dir='ltr'>vi-</span> 
     </span>
     <span class='ocr_line' id='line_1_35' title="bbox 109 2240 1821 2285; baseline -0.002 -11"><span class='ocrx_word' id='word_1_366' title='bbox 109 2243 227 2280; x_wconf 87' lang='lat' dir='ltr'>deret,</span> <span class='ocrx_word' id='word_1_367' title='bbox 255 2254 330 2274; x_wconf 78' lang='lat' dir='ltr'>ren]</span> <span class='ocrx_word' id='word_1_368' title='bbox 357 2243 522 2285; x_wconf 80' lang='lat' dir='ltr'>adgressi</span> <span class='ocrx_word' id='word_1_369' title='bbox 548 2247 640 2275; x_wconf 81' lang='lat' dir='ltr'>sunt.</span> <span class='ocrx_word' id='word_1_370' title='bbox 683 2244 799 2282; x_wconf 75' lang='lat' dir='ltr'>Quum</span> <span class='ocrx_word' id='word_1_371' title='bbox 826 2244 920 2274; x_wconf 88' lang='lat' dir='ltr'>enim</span> <span class='ocrx_word' id='word_1_372' title='bbox 947 2242 1151 2274; x_wconf 82' lang='lat' dir='ltr'>cucullatus</span> <span class='ocrx_word' id='word_1_373' title='bbox 1177 2241 1239 2272; x_wconf 90' lang='lat' dir='ltr'>ille</span> <span class='ocrx_word' id='word_1_374' title='bbox 1265 2241 1398 2272; x_wconf 88' lang='lat' dir='ltr'>nebulo</span> <span class='ocrx_word' id='word_1_375' title='bbox 1424 2241 1466 2271; x_wconf 91' lang='lat' dir='ltr'>de</span> <span class='ocrx_word' id='word_1_376' title='bbox 1494 2244 1670 2282; x_wconf 75' lang='lat' dir='ltr'>suggestu</span> <span class='ocrx_word' id='word_1_377' title='bbox 1697 2240 1741 2271; x_wconf 81' lang='lat' dir='ltr'>ad</span> <span class='ocrx_word' id='word_1_378' title='bbox 1767 2251 1821 2271; x_wconf 87' lang='lat' dir='ltr'>ro-</span> 
     </span>
     <span class='ocr_line' id='line_1_36' title="bbox 65 2296 1822 2341; baseline -0.002 -11"><span class='ocrx_word' id='word_1_379' title='bbox 65 2310 97 2336; x_wconf 77' lang='lat'>35</span> <span class='ocrx_word' id='word_1_380' title='bbox 111 2309 211 2341; x_wconf 83' lang='lat' dir='ltr'>gum,</span> <span class='ocrx_word' id='word_1_381' title='bbox 241 2309 344 2340; x_wconf 86' lang='lat' dir='ltr'>quem</span> <span class='ocrx_word' id='word_1_382' title='bbox 371 2299 416 2330; x_wconf 85' lang='lat' dir='ltr'>ad</span> <span class='ocrx_word' id='word_1_383' title='bbox 441 2304 565 2341; x_wconf 72' lang='lat' dir='ltr'>typum</span> <span class='ocrx_word' id='word_1_384' title='bbox 590 2300 787 2331; x_wconf 84' lang='lat' dir='ltr'>Bernensis</span> <span class='ocrx_word' id='word_1_385' title='bbox 815 2299 1113 2341; x_wconf 73' lang='lat' dir='ltr'>conflagrationis</span> <span class='ocrx_word' id='word_1_386' title='bbox 1141 2300 1389 2336; x_wconf 78' lang='lat' dir='ltr'>extruxerant,</span> <span class='ocrx_word' id='word_1_387' title='bbox 1425 2297 1647 2338; x_wconf 77' lang='lat' dir='ltr'>gaudialiter</span> <span class='ocrx_word' id='word_1_388' title='bbox 1672 2296 1822 2327; x_wconf 84' lang='lat' dir='ltr'>detona-</span> 
     </span>
     <span class='ocr_line' id='line_1_37' title="bbox 110 2353 1823 2397; baseline -0.002 -10"><span class='ocrx_word' id='word_1_389' title='bbox 110 2358 185 2396; x_wconf 78' lang='lat' dir='ltr'>ret,</span> <span class='ocrx_word' id='word_1_390' title='bbox 214 2359 250 2386; x_wconf 81' lang='lat' dir='ltr'>et</span> <span class='ocrx_word' id='word_1_391' title='bbox 274 2356 393 2387; x_wconf 87' lang='lat' dir='ltr'>neniis</span> <span class='ocrx_word' id='word_1_392' title='bbox 420 2357 494 2387; x_wconf 84' lang='lat' dir='ltr'>suis</span> <span class='ocrx_word' id='word_1_393' title='bbox 522 2356 662 2397; x_wconf 81' lang='lat' dir='ltr'>aliquot</span> <span class='ocrx_word' id='word_1_394' title='bbox 689 2355 856 2387; x_wconf 83' lang='lat' dir='ltr'>aniculas</span> <span class='ocrx_word' id='word_1_395' title='bbox 882 2357 919 2386; x_wconf 89' lang='lat' dir='ltr'>in</span> <span class='ocrx_word' id='word_1_396' title='bbox 945 2355 1125 2397; x_wconf 73' lang='lat' dir='ltr'>singultus</span> <span class='ocrx_word' id='word_1_397' title='bbox 1153 2355 1349 2393; x_wconf 81' lang='lat' dir='ltr'>excitaret,</span> <span class='ocrx_word' id='word_1_398' title='bbox 1384 2353 1506 2394; x_wconf 78' lang='lat' dir='ltr'>palam</span> <span class='ocrx_word' id='word_1_399' title='bbox 1531 2353 1735 2384; x_wconf 78' lang='lat' dir='ltr'>vociferare</span> <span class='ocrx_word' id='word_1_400' title='bbox 1762 2362 1823 2383; x_wconf 81' lang='lat' dir='ltr'>au-</span> 
     </span>
     <span class='ocr_line' id='line_1_38' title="bbox 110 2408 1823 2453; baseline -0.003 -10"><span class='ocrx_word' id='word_1_401' title='bbox 110 2422 169 2443; x_wconf 80' lang='lat' dir='ltr'>sus</span> <span class='ocrx_word' id='word_1_402' title='bbox 197 2414 269 2443; x_wconf 86' lang='lat' dir='ltr'>est:</span> <span class='ocrx_word' id='word_1_403' title='bbox 296 2412 545 2453; x_wconf 72' lang='lat' dir='ltr'>Imperatoriae</span> <span class='ocrx_word' id='word_1_404' title='bbox 571 2412 788 2449; x_wconf 80' lang='lat' dir='ltr'>maiestatis,</span> <span class='ocrx_word' id='word_1_405' title='bbox 816 2412 971 2443; x_wconf 88' lang='lat' dir='ltr'>omnium</span> <span class='ocrx_word' id='word_1_406' title='bbox 996 2411 1206 2443; x_wconf 83' lang='lat' dir='ltr'>Electorum</span> <span class='ocrx_word' id='word_1_407' title='bbox 1232 2411 1435 2451; x_wconf 84' lang='lat' dir='ltr'>principum</span> <span class='ocrx_word' id='word_1_408' title='bbox 1460 2409 1643 2448; x_wconf 80' lang='lat' dir='ltr'>mandato,</span> <span class='ocrx_word' id='word_1_409' title='bbox 1670 2408 1823 2439; x_wconf 81' lang='lat' dir='ltr'>Lutlieri</span> 
     </span>
     <span class='ocr_line' id='line_1_39' title="bbox 110 2465 1823 2510; baseline -0.002 -11"><span class='ocrx_word' id='word_1_410' title='bbox 110 2467 278 2499; x_wconf 81' lang='lat' dir='ltr'>haeretici</span> <span class='ocrx_word' id='word_1_411' title='bbox 310 2467 424 2499; x_wconf 84' lang='lat' dir='ltr'>libros</span> <span class='ocrx_word' id='word_1_412' title='bbox 455 2479 549 2499; x_wconf 86' lang='lat' dir='ltr'>nune</span> <span class='ocrx_word' id='word_1_413' title='bbox 583 2478 662 2500; x_wconf 85' lang='lat' dir='ltr'>esse</span> <span class='ocrx_word' id='word_1_414' title='bbox 696 2469 772 2510; x_wconf 74' lang='lat' dir='ltr'>igni</span> <span class='ocrx_word' id='word_1_415' title='bbox 805 2468 977 2500; x_wconf 84' lang='lat' dir='ltr'>traditos:</span> <span class='ocrx_word' id='word_1_416' title='bbox 1013 2478 1159 2508; x_wconf 88' lang='lat' dir='ltr'>quorum</span> <span class='ocrx_word' id='word_1_417' title='bbox 1194 2467 1279 2497; x_wconf 83' lang='lat' dir='ltr'>Item</span> <span class='ocrx_word' id='word_1_418' title='bbox 1306 2470 1389 2498; x_wconf 74' lang='lat' dir='ltr'>voto</span> <span class='ocrx_word' id='word_1_419' title='bbox 1417 2468 1450 2497; x_wconf 67' lang='lat' dir='ltr'>S.</span> <span class='ocrx_word' id='word_1_420' title='bbox 1471 2466 1510 2497; x_wconf 89' lang='lat' dir='ltr'>P.</span> <span class='ocrx_word' id='word_1_421' title='bbox 1531 2467 1573 2505; x_wconf 77' lang='lat' dir='ltr'>Q.</span> <span class='ocrx_word' id='word_1_422' title='bbox 1593 2465 1823 2496; x_wconf 83' lang='lat' dir='ltr'>Coloniensis</span> 
     </span>
     <span class='ocr_line' id='line_1_40' title="bbox 112 2522 1823 2565; baseline -0.003 -9"><span class='ocrx_word' id='word_1_423' title='bbox 112 2528 325 2556; x_wconf 81' lang='lat' dir='ltr'>constanter</span> <span class='ocrx_word' id='word_1_424' title='bbox 357 2525 615 2556; x_wconf 82' lang='lat' dir='ltr'>subscriberet.</span> <span class='ocrx_word' id='word_1_425' title='bbox 664 2524 732 2556; x_wconf 74' lang='lat' dir='ltr'>His·</span> <span class='ocrx_word' id='word_1_426' title='bbox 763 2525 886 2556; x_wconf 82' lang='lat' dir='ltr'>verbis</span> <span class='ocrx_word' id='word_1_427' title='bbox 920 2527 955 2555; x_wconf 81' lang='lat' dir='ltr'>ct</span> <span class='ocrx_word' id='word_1_428' title='bbox 988 2524 1099 2555; x_wconf 87' lang='lat' dir='ltr'>multo</span> <span class='ocrx_word' id='word_1_429' title='bbox 1125 2523 1350 2565; x_wconf 71' lang='lat' dir='ltr'>longioribus</span> <span class='ocrx_word' id='word_1_430' title='bbox 1377 2522 1421 2553; x_wconf 87' lang='lat' dir='ltr'>ad</span> <span class='ocrx_word' id='word_1_431' title='bbox 1446 2522 1589 2564; x_wconf 81' lang='lat' dir='ltr'>plebem</span> <span class='ocrx_word' id='word_1_432' title='bbox 1615 2522 1823 2553; x_wconf 78' lang='lat' dir='ltr'>vociferans</span> 
     </span>
     <span class='ocr_line' id='line_1_41' title="bbox 65 2578 1822 2621; baseline -0.002 -10"><span class='ocrx_word' id='word_1_433' title='bbox 65 2590 98 2615; x_wconf 68' lang='lat'>40</span> <span class='ocrx_word' id='word_1_434' title='bbox 112 2581 315 2612; x_wconf 83' lang='lat' dir='ltr'>mendaciis</span> <span class='ocrx_word' id='word_1_435' title='bbox 341 2584 414 2612; x_wconf 84' lang='lat' dir='ltr'>tam</span> <span class='ocrx_word' id='word_1_436' title='bbox 441 2580 711 2621; x_wconf 87' lang='lat' dir='ltr'>i111pudentibus</span> <span class='ocrx_word' id='word_1_437' title='bbox 738 2592 812 2612; x_wconf 90' lang='lat' dir='ltr'>rem</span> <span class='ocrx_word' id='word_1_438' title='bbox 839 2581 1089 2612; x_wconf 85' lang='lat' dir='ltr'>commendare</span> <span class='ocrx_word' id='word_1_439' title='bbox 1117 2583 1268 2611; x_wconf 81' lang='lat' dir='ltr'>conatus</span> <span class='ocrx_word' id='word_1_440' title='bbox 1295 2582 1362 2610; x_wconf 86' lang='lat' dir='ltr'>est.</span> <span class='ocrx_word' id='word_1_441' title='bbox 1389 2578 1583 2610; x_wconf 75' lang='lat' dir='ltr'>Multorum</span> <span class='ocrx_word' id='word_1_442' title='bbox 1611 2578 1703 2608; x_wconf 87' lang='lat' dir='ltr'>enim</span> <span class='ocrx_word' id='word_1_443' title='bbox 1722 2578 1822 2608; x_wconf 87' lang='lat' dir='ltr'>Prin-</span> 
     </span>
     <span class='ocr_line' id='line_1_42' title="bbox 112 2633 1824 2678; baseline -0.003 -9"><span class='ocrx_word' id='word_1_444' title='bbox 112 2637 231 2678; x_wconf 80' lang='lat' dir='ltr'>cipum</span> <span class='ocrx_word' id='word_1_445' title='bbox 257 2637 469 2678; x_wconf 75' lang='lat' dir='ltr'>ignorantia</span> <span class='ocrx_word' id='word_1_446' title='bbox 497 2637 641 2667; x_wconf 79' lang='lat' dir='ltr'>facinus</span> <span class='ocrx_word' id='word_1_447' title='bbox 667 2640 807 2668; x_wconf 76' lang='lat' dir='ltr'>tantum</span> <span class='ocrx_word' id='word_1_448' title='bbox 840 2636 1032 2678; x_wconf 70' lang='lat' dir='ltr'>expletum.</span> <span class='ocrx_word' id='word_1_449' title='bbox 1082 2637 1130 2668; x_wconf 81' lang='lat' dir='ltr'>Et</span> <span class='ocrx_word' id='word_1_450' title='bbox 1161 2637 1192 2667; x_wconf 81' lang='lat' dir='ltr'>si</span> <span class='ocrx_word' id='word_1_451' title='bbox 1218 2636 1380 2677; x_wconf 85' lang='lat' dir='ltr'>quidam,</span> <span class='ocrx_word' id='word_1_452' title='bbox 1417 2645 1504 2676; x_wconf 87' lang='lat' dir='ltr'>quos</span> <span class='ocrx_word' id='word_1_453' title='bbox 1531 2634 1695 2665; x_wconf 81' lang='lat' dir='ltr'>Christus</span> <span class='ocrx_word' id='word_1_454' title='bbox 1720 2633 1824 2664; x_wconf 83' lang='lat' dir='ltr'>nobis</span> 
     </span>
     <span class='ocr_line' id='line_1_43' title="bbox 111 2691 1824 2735; baseline -0.002 -12"><span class='ocrx_word' id='word_1_455' title='bbox 111 2693 173 2724; x_wconf 88' lang='lat' dir='ltr'>diu</span> <span class='ocrx_word' id='word_1_456' title='bbox 198 2696 335 2732; x_wconf 80' lang='lat' dir='ltr'>servet,</span> <span class='ocrx_word' id='word_1_457' title='bbox 365 2693 587 2731; x_wconf 73' lang='lat' dir='ltr'>adfuissent,</span> <span class='ocrx_word' id='word_1_458' title='bbox 617 2702 638 2723; x_wconf 85' lang='lat' dir='ltr'>a</span> <span class='ocrx_word' id='word_1_459' title='bbox 663 2693 842 2724; x_wconf 86' lang='lat' dir='ltr'>seditione</span> <span class='ocrx_word' id='word_1_460' title='bbox 868 2693 1055 2735; x_wconf 79' lang='lat' dir='ltr'>negotium</span> <span class='ocrx_word' id='word_1_461' title='bbox 1080 2693 1147 2723; x_wconf 86' lang='lat' dir='ltr'>boc</span> <span class='ocrx_word' id='word_1_462' title='bbox 1174 2702 1245 2723; x_wconf 87' lang='lat' dir='ltr'>non</span> <span class='ocrx_word' id='word_1_463' title='bbox 1271 2692 1377 2733; x_wconf 84' lang='lat' dir='ltr'>longe</span> <span class='ocrx_word' id='word_1_464' title='bbox 1405 2692 1566 2722; x_wconf 77' lang='lat' dir='ltr'>abfuisse</span> <span class='ocrx_word' id='word_1_465' title='bbox 1593 2691 1760 2729; x_wconf 73' lang='lat' dir='ltr'>videres,</span> <span class='ocrx_word' id='word_1_466' title='bbox 1788 2695 1824 2721; x_wconf 89' lang='lat' dir='ltr'>et</span> 
     </span>
     <span class='ocr_line' id='line_1_44' title="bbox 111 2747 1824 2790; baseline -0.001 -11"><span class='ocrx_word' id='word_1_467' title='bbox 111 2749 222 2790; x_wconf 83' lang='lat' dir='ltr'>digna</span> <span class='ocrx_word' id='word_1_468' title='bbox 249 2749 391 2790; x_wconf 88' lang='lat' dir='ltr'>quidem</span> <span class='ocrx_word' id='word_1_469' title='bbox 418 2749 600 2780; x_wconf 84' lang='lat' dir='ltr'>Aleandro</span> <span class='ocrx_word' id='word_1_470' title='bbox 628 2752 664 2779; x_wconf 87' lang='lat' dir='ltr'>et</span> <span class='ocrx_word' id='word_1_471' title='bbox 689 2749 877 2780; x_wconf 83' lang='lat' dir='ltr'>monachis</span> <span class='ocrx_word' id='word_1_472' title='bbox 903 2759 1042 2780; x_wconf 82' lang='lat' dir='ltr'>merces</span> <span class='ocrx_word' id='word_1_473' title='bbox 1068 2748 1223 2780; x_wconf 85' lang='lat' dir='ltr'>reddita.</span> <span class='ocrx_word' id='word_1_474' title='bbox 1250 2748 1313 2778; x_wconf 86' lang='lat' dir='ltr'>scd</span> <span class='ocrx_word' id='word_1_475' title='bbox 1338 2748 1495 2779; x_wconf 82' lang='lat' dir='ltr'>nonduin</span> <span class='ocrx_word' id='word_1_476' title='bbox 1521 2747 1690 2778; x_wconf 76' lang='lat' dir='ltr'>kalendae</span> <span class='ocrx_word' id='word_1_477' title='bbox 1715 2756 1824 2778; x_wconf 77' lang='lat' dir='ltr'>vene-</span> 
     </span>
     <span class='ocr_line' id='line_1_45' title="bbox 111 2803 1824 2846; baseline -0.001 -11"><span class='ocrx_word' id='word_1_478' title='bbox 111 2809 204 2835; x_wconf 84' lang='lat' dir='ltr'>runt.</span> <span class='ocrx_word' id='word_1_479' title='bbox 239 2805 396 2836; x_wconf 80' lang='lat' dir='ltr'>Senatus</span> <span class='ocrx_word' id='word_1_480' title='bbox 415 2805 501 2836; x_wconf 78' lang='lat' dir='ltr'>item</span> <span class='ocrx_word' id='word_1_481' title='bbox 522 2815 626 2846; x_wconf 83' lang='lat' dir='ltr'>quain</span> <span class='ocrx_word' id='word_1_482' title='bbox 646 2816 742 2846; x_wconf 66' lang='lat' dir='ltr'>{egre</span> <span class='ocrx_word' id='word_1_483' title='bbox 762 2805 887 2836; x_wconf 88' lang='lat' dir='ltr'>tulerit</span> <span class='ocrx_word' id='word_1_484' title='bbox 905 2805 973 2836; x_wconf 85' lang='lat' dir='ltr'>boc</span> <span class='ocrx_word' id='word_1_485' title='bbox 1001 2806 1037 2836; x_wconf 92' lang='lat' dir='ltr'>in</span> <span class='ocrx_word' id='word_1_486' title='bbox 1062 2816 1100 2836; x_wconf 82' lang='lat' dir='ltr'>se</span> <span class='ocrx_word' id='word_1_487' title='bbox 1126 2804 1388 2846; x_wconf 85' lang='lat' dir='ltr'>proclamatum</span> <span class='ocrx_word' id='word_1_488' title='bbox 1417 2814 1436 2834; x_wconf 86' lang='lat' dir='ltr'>a</span> <span class='ocrx_word' id='word_1_489' title='bbox 1463 2803 1610 2834; x_wconf 81' lang='lat' dir='ltr'>diabolo</span> <span class='ocrx_word' id='word_1_490' title='bbox 1636 2803 1707 2834; x_wconf 87' lang='lat' dir='ltr'>isto</span> <span class='ocrx_word' id='word_1_491' title='bbox 1725 2813 1824 2833; x_wconf 83' lang='lat' dir='ltr'>inen-</span> 
     </span>
     <span class='ocr_line' id='line_1_46' title="bbox 68 2858 1825 2903; baseline -0.001 -12"><span class='ocrx_word' id='word_1_492' title='bbox 68 2861 268 2901; x_wconf 78' lang='lat' dir='ltr'>45daeinm,</span> <span class='ocrx_word' id='word_1_493' title='bbox 298 2864 449 2893; x_wconf 76' lang='lat' dir='ltr'>eventus</span> <span class='ocrx_word' id='word_1_494' title='bbox 477 2862 554 2903; x_wconf 82' lang='lat' dir='ltr'>ipse</span> <span class='ocrx_word' id='word_1_495' title='bbox 582 2861 715 2892; x_wconf 85' lang='lat' dir='ltr'>docuit.</span> <span class='ocrx_word' id='word_1_496' title='bbox 752 2862 901 2892; x_wconf 85' lang='lat' dir='ltr'>Missum</span> <span class='ocrx_word' id='word_1_497' title='bbox 930 2861 1021 2891; x_wconf 89' lang='lat' dir='ltr'>enim</span> <span class='ocrx_word' id='word_1_498' title='bbox 1051 2872 1071 2891; x_wconf 86' lang='lat' dir='ltr'>a</span> <span class='ocrx_word' id='word_1_499' title='bbox 1097 2860 1263 2902; x_wconf 80' lang='lat' dir='ltr'>pat-ribus</span> <span class='ocrx_word' id='word_1_500' title='bbox 1289 2861 1324 2890; x_wconf 90' lang='lat' dir='ltr'>in</span> <span class='ocrx_word' id='word_1_501' title='bbox 1352 2861 1508 2900; x_wconf 81' lang='lat' dir='ltr'>ipsorum</span> <span class='ocrx_word' id='word_1_502' title='bbox 1535 2859 1711 2890; x_wconf 86' lang='lat' dir='ltr'>cacobuin</span> <span class='ocrx_word' id='word_1_503' title='bbox 1737 2858 1825 2899; x_wconf 79' lang='lat' dir='ltr'>(eoe-</span> 
     </span>
     <span class='ocr_line' id='line_1_47' title="bbox 111 2915 1825 2958; baseline -0.002 -10"><span class='ocrx_word' id='word_1_504' title='bbox 111 2917 258 2948; x_wconf 88' lang='lat' dir='ltr'>nobium</span> <span class='ocrx_word' id='word_1_505' title='bbox 286 2917 465 2957; x_wconf 76' lang='lat' dir='ltr'>volebam,</span> <span class='ocrx_word' id='word_1_506' title='bbox 494 2917 618 2958; x_wconf 83' lang='lat' dir='ltr'>lapsus</span> <span class='ocrx_word' id='word_1_507' title='bbox 644 2916 735 2956; x_wconf 86' lang='lat' dir='ltr'>sum)</span> <span class='ocrx_word' id='word_1_508' title='bbox 762 2917 846 2958; x_wconf 87' lang='lat' dir='ltr'>quid</span> <span class='ocrx_word' id='word_1_509' title='bbox 873 2916 964 2948; x_wconf 81' lang='lat' dir='ltr'>talia</span> <span class='ocrx_word' id='word_1_510' title='bbox 992 2917 1027 2947; x_wconf 92' lang='lat' dir='ltr'>in</span> <span class='ocrx_word' id='word_1_511' title='bbox 1053 2916 1485 2955; x_wconf 72' lang='lat' dir='ltr'>S.P.Q.C01011iensem</span> <span class='ocrx_word' id='word_1_512' title='bbox 1512 2915 1679 2946; x_wconf 81' lang='lat' dir='ltr'>ementiri</span> <span class='ocrx_word' id='word_1_513' title='bbox 1705 2915 1825 2956; x_wconf 85' lang='lat' dir='ltr'>palam</span> 
     </span>
    </p>
   </div>
   <div class='ocr_carea' id='block_1_4' title="bbox 272 2986 378 2988">
    <p class='ocr_par' dir='ltr' id='par_1_4' title="bbox 272 2986 378 2988">
     <span class='ocr_line' id='line_1_48' title="bbox 272 2986 378 2988; baseline 0 0"><span class='ocrx_word' id='word_1_514' title='bbox 272 2986 378 2988; x_wconf 95' lang='lat' dir='ltr'> </span> 
     </span>
    </p>
   </div>
   <div class='ocr_carea' id='block_1_5' title="bbox 112 3027 1825 3127">
    <p class='ocr_par' dir='ltr' id='par_1_5' title="bbox 112 3027 1825 3127">
     <span class='ocr_line' id='line_1_49' title="bbox 200 3027 1825 3069; baseline -0.002 -8"><span class='ocrx_word' id='word_1_515' title='bbox 200 3029 213 3048; x_wconf 81' lang='lat'>5</span> <span class='ocrx_word' id='word_1_516' title='bbox 241 3031 385 3061; x_wconf 85' lang='lat' dir='ltr'>erubuit</span> <span class='ocrx_word' id='word_1_517' title='bbox 411 3033 440 3060; x_wconf 85' lang='grc' dir='ltr'>Ι.</span> <span class='ocrx_word' id='word_1_518' title='bbox 463 3034 497 3060; x_wconf 80' lang='lat' dir='ltr'>G.</span> <span class='ocrx_word' id='word_1_519' title='bbox 575 3028 604 3048; x_wconf 68' lang='lat'>‘²⁴</span> <span class='ocrx_word' id='word_1_520' title='bbox 628 3029 744 3060; x_wconf 88' lang='lat' dir='ltr'>millia</span> <span class='ocrx_word' id='word_1_521' title='bbox 773 3033 808 3060; x_wconf 83' lang='lat' dir='ltr'>G.</span> <span class='ocrx_word' id='word_1_522' title='bbox 879 3027 907 3047; x_wconf 69' lang='lat'>²²³</span> <span class='ocrx_word' id='word_1_523' title='bbox 932 3028 1109 3060; x_wconf 81' lang='lat' dir='ltr'>Kalendis</span> <span class='ocrx_word' id='word_1_524' title='bbox 1136 3028 1369 3060; x_wconf 74' lang='lat' dir='ltr'>exsolvuntur</span> <span class='ocrx_word' id='word_1_525' title='bbox 1394 3027 1526 3059; x_wconf 72' lang='lat' dir='ltr'>debitae</span> <span class='ocrx_word' id='word_1_526' title='bbox 1552 3028 1719 3069; x_wconf 69' lang='lat' dir='ltr'>pecunice</span> <span class='ocrx_word' id='word_1_527' title='bbox 1744 3038 1825 3059; x_wconf 86' lang='lat' dir='ltr'>usu-</span> 
     </span>
     <span class='ocr_line' id='line_1_50' title="bbox 112 3084 1040 3127; baseline -0.002 -10"><span class='ocrx_word' id='word_1_528' title='bbox 112 3096 245 3127; x_wconf 75' lang='lat' dir='ltr'>raeque.</span> <span class='ocrx_word' id='word_1_529' title='bbox 788 3084 815 3104; x_wconf 72' lang='lat'>3¹³</span> <span class='ocrx_word' id='word_1_530' title='bbox 842 3085 982 3127; x_wconf 60' lang='lat' dir='ltr'>plebem</span> <span class='ocrx_word' id='word_1_531' title='bbox 1011 3088 1040 3116; x_wconf 77' lang='lat'>2.</span> 
     </span>
    </p>
   </div>
  </div>
 </body>
</html>
