2081 3517
500 246 660 268 HVTTENI
681 247 725 268 DF:
746 248 949 269 PISCATVRA
971 249 1190 271 VENETORVM
1211 250 1412 271 HEROICVM.
1710 234 1798 279 291

369 347 413 384 Et
445 352 549 385 recte
582 349 747 388 audaces
780 350 958 399 Ligure&
992 352 1021 388 si
1055 351 1205 389 casibus
1237 353 1356 401 {equis

370 414 570 463 hispenset
600 417 754 454 fortuna
785 418 905 455 vices:
939 418 1118 468 ultroque
1150 420 1323 469 citroque

314 495 345 518 55
370 481 565 520 Vincendo
598 484 683 521 victi
715 484 896 532 Ligures,
930 484 1154 536 aliquotque
1185 498 1256 536 per
1287 498 1409 524 annos

366 549 554 588 Successu
588 551 692 588 vario
724 556 937 600 pugnatum
969 557 1005 590 et
1037 553 1181 592 viribus
1213 556 1352 603 aequis,

363 616 493 654 Donec
523 617 569 654 ad
603 622 780 656 eventum
813 630 889 668 quo
921 620 993 656 iam
1026 619 1276 658 inclinaverat
1307 622 1383 659 exit

361 683 451 722 Alea
484 683 687 722 bellorum.
722 685 813 735 quid
844 686 938 730 iam,
973 687 1085 732 Sors,
1118 688 1261 726 addere
1293 700 1449 738 posses,

361 752 541 789 (lromnia
574 751 664 801 quid
696 751 813 789 velles
846 764 922 802 quo
954 760 1040 791 nata
1073 754 1273 804 superbiat
1304 755 1428 794 ultra?

310 832 341 855 130
364 818 480 856 Addis
512 818 639 857 adhue
670 817 832 869 aliquid,
866 820 932 858 sed
965 833 1041 871 quo
1073 821 1123 858 nil
1158 823 1282 860 maius
1313 823 1496 862 habebis:

359 885 567 924 Praedones
598 897 764 935 regnare
796 886 925 931 iubes,
958 892 1050 926 tunc
1082 890 1254 940 quisquis
1286 890 1332 928 ad
1365 891 1487 929 undas

360 952 525 991 Venerat
554 953 758 1003 Euganeas
790 966 902 992 curva
936 955 994 992 vix
1026 956 1176 1005 integer
1208 956 1315 1002 alno,

358 1019 467 1058 Pisce
500 1032 667 1059 onerans
698 1021 834 1060 scabra
867 1021 1042 1061 limosam
1073 1025 1242 1074 ferugine
1275 1025 1474 1075 cymbam,

358 1087 469 1126 Hunc
500 1100 632 1137 regem
666 1089 758 1127 facis
790 1095 826 1127 et
856 1089 1019 1139 populos
1051 1090 1191 1140 quibus
1222 1092 1388 1142 imperet
1419 1094 1540 1131 addis.

306 1168 338 1192 65
360 1155 436 1193 Das
467 1156 581 1193 etiam
614 1155 759 1193 cultum
792 1160 829 1193 et
860 1158 1029 1207 speciem
1062 1158 1246 1197 concedis
1278 1159 1434 1198 honori:

356 1222 547 1260 Continuo
580 1228 783 1273 argentum
814 1225 958 1262 mensis
989 1223 1189 1274 solidoque
1223 1239 1266 1264 ex
1301 1239 1396 1265 auro

356 1289 498 1328 Pocula
532 1294 569 1329 et
600 1291 736 1328 artifici
768 1290 898 1329 lances
930 1291 1066 1330 nidore
1098 1293 1253 1342 supinas

355 1357 566 1406 Expouunt
594 1357 726 1395 Veneti
758 1362 795 1396 et
826 1370 943 1396 cocco
975 1358 1206 1397 sublimibus
1238 1367 1377 1398 ornant

353 1425 478 1462 Aurea
511 1423 634 1462 fulcra
665 1426 779 1469 toris,
813 1430 927 1475 atque
960 1425 1033 1463 hoc
1066 1430 1224 1476 torpore
1257 1429 1396 1477 quietis

303 1504 335 1530 το
356 1491 494 1529 Baetica
527 1491 613 1530 lana
646 1493 736 1529 viris
768 1492 1038 1543 Canusinaque
1069 1494 1110 1530 sit
1140 1499 1228 1542 toga
1262 1495 1394 1537 vestiS;

353 1558 562 1597 Callaicum
594 1558 685 1598 solis
718 1572 855 1597 aurum
889 1560 1062 1610 solisque
1094 1566 1257 1599 revectae

353 1626 497 1665 Littore
529 1626 731 1677 Erythrieo
764 1631 800 1665 et
830 1627 953 1665 rubeo
986 1628 1033 1666 de
1064 1629 1217 1677 gurgite
1249 1640 1432 1678 grumum

349 1694 512 1744 Assyriae
544 1695 735 1732 iactantur
767 1707 860 1745 opes
893 1700 929 1733 et
959 1707 1133 1745 purpura
1166 1695 1275 1739 solis;

350 1761 498 1799 l‘raedia
530 1766 619 1800 sunt
650 1762 741 1799 solis
773 1774 927 1800 omnem
962 1763 1185 1801 excedentia
1219 1763 1372 1807 luxum;

299 1843 330 1867 75
352 1829 543 1879 Quicquid
576 1829 777 1880 Hymettus
810 1829 943 1874 habet,
977 1831 1157 1880 quicquid
1191 1830 1360 1880 lapidosa
1394 1830 1573 1883 Carystos

1441 1742 1456 1756 N

80 1976 294 2017 quandoque
327 1975 463 2017 posita..
504 1975 587 2007 odia
618 1985 704 2006 vero
735 1986 916 2017 nunquam
1003 1975 1160 2017 superba
1194 1976 1322 2007 Genua.
1355 1977 1511 2008 abiectis
1545 1979 1671 2015 armis,
1707 1980 1790 2020 quia

78 2031 158 2073 plus
184 2042 253 2063 non
286 2033 418 2073 potuit,
453 2031 655 2062 victoribus
680 2032 833 2071 Venetis
864 2034 1038 2072 perpetuo
1073 2030 1114 2072 [22]
1148 2032 1293 2063 cessit&
1344 2032 1499 2064 Sabellio.
1519 2033 1596 2065 dec.
1615 2035 1663 2066 ΙΙ.
1682 2035 1743 2067 lib.
1762 2037 1788 2068 I.

78 2088 200 2129 Usque
227 2088 271 2119 ad
299 2098 330 2119 a.
355 2086 448 2118 1403.
469 2098 598 2119 novem
624 2087 722 2118 bella
749 2097 828 2118 eum
849 2087 1103 2118 Genuensibus
1129 2091 1234 2129 gesta
1252 2088 1383 2119 Veneti
1401 2088 1568 2121 historici
1586 2095 1788 2123 numerant.

78 2142 105 2163 ⁵3
130 2144 201 2175 iam
224 2144 295 2184 feci
309 2154 355 2175 em
382 2154 459 2175 cum
478 2145 555 2175 edd.
628 2142 654 2162 ⁵⁹
680 2143 814 2175 CrOnia
841 2146 872 2174 2.
907 2143 1065 2175 Cronnia
1086 2146 1118 2175 3.
1159 2143 1293 2175 Cronia
1313 2146 1344 2175 4.
1385 2144 1556 2177 Cromnia
1581 2149 1682 2185 nata,
1710 2148 1732 2178 i.
1755 2158 1785 2179 e.

79 2199 256 2231 Cromniae
288 2200 365 2231 filia
390 2200 548 2231 Venetia
579 2199 612 2231 h.
633 2199 654 2231 l.
676 2199 881 2241 adpellatur
914 2210 934 2230 a
967 2199 1122 2231 Cromna
1153 2200 1417 2241 Paphlagoniae
1449 2202 1580 2243 oppido
1607 2202 1788 2244 (Κρῶμνοι

76 2256 179 2288 Hom.
198 2255 240 2287 11.
260 2257 305 2288 ΙΙ.
323 2255 399 2287 855.
419 2256 582 2298 Apollon.
602 2256 714 2287 Rhod.
734 2256 866 2297 Argon.
886 2256 933 2287 II.
952 2255 1029 2287 942.
1056 2256 1148 2287 Plin.
1168 2257 1213 2287 H.
1234 2256 1275 2286 N.
1296 2257 1354 2287 VI.
1374 2257 1405 2287 2.
1424 2257 1486 2288 IX.
1504 2257 1557 2289 83.
1579 2258 1675 2299 alt),
1704 2270 1787 2300 quo-

77 2312 174 2344 niam
206 2313 251 2344 ab
270 2313 426 2344 Henetis
444 2312 728 2354 Paphlagonicis
747 2312 930 2343 Antenore
957 2312 1046 2343 duce
1066 2314 1101 2342 in
1120 2312 1267 2343 Italiam
1287 2313 1516 2344 venientibus
1534 2314 1691 2346 Venetos
1718 2317 1786 2347 ori—

76 2369 197 2411 ginem
215 2369 347 2400 ducere
366 2369 542 2401 creditum
562 2372 625 2406 est,
644 2372 683 2399 ut
702 2378 722 2399 a
741 2368 927 2407 Strabone,
948 2368 1065 2400 Plinio
1084 2370 1161 2407 (VI.
1181 2370 1211 2408 2,
1224 2367 1267 2408 2.)
1290 2371 1325 2399 et
1343 2368 1464 2400 Solino
1484 2370 1528 2409 (c.
1543 2370 1612 2409 44.)
1633 2370 1786 2413 aliisque

76 2428 112 2456 et
131 2424 255 2457 Curtio
273 2425 353 2466 (ΠΙ.
377 2424 474 2465 1,2·3.)
494 2435 599 2466 quem
616 2425 798 2456 Huttenus
824 2424 948 2456 sedulo
966 2424 1125 2466 legebat,
1153 2425 1306 2456 relatum
1325 2425 1490 2467 legimus.
1519 2429 1679 2457 ceterum
1696 2438 1787 2469 prae-

76 2485 239 2514 cesserat
271 2481 475 2513 Sabellicus
510 2481 670 2523 genethl.
690 2493 722 2512 v.
742 2480 884 2513 523.121.
927 2481 1026 2512 Idem
1059 2481 1144 2512 hist.
1170 2492 1236 2512 rer.
1256 2482 1428 2512 Venetar.
1455 2481 1533 2513 I.1.
1568 2482 1785 2521 „Cornelius

73 2539 194 2581 Nepos
221 2542 257 2570 et
279 2539 358 2580 ipse
386 2549 429 2569 ex
453 2538 608 2569 Henetis
635 2537 694 2578 qui
713 2537 902 2568 Cromnain
922 2537 1077 2568 Henetis
1104 2537 1273 2579 oppidum
1300 2538 1398 2569 eirea
1415 2538 1706 2580 Paphlagoniam
1731 2542 1783 2571 te—

73 2598 240 2635 nuerunt,
257 2595 418 2626 Venetos
437 2605 556 2626 eorum
576 2594 808 2635 cognomines
826 2595 863 2624 in
882 2593 992 2625 Italia
1011 2597 1107 2624 ortos
1135 2594 1389 2625 existimavit”.
1417 2593 1473 2625 Cf.
1494 2594 1599 2626 Corn.
1617 2595 1707 2637 Nep.
1728 2596 1782 2628 ed.

74 2650 262 2691 Staveren,
291 2651 420 2693 fragm.
440 2651 521 2682 VII.
541 2650 572 2681 5.
628 2649 655 2669 ⁰³
682 2650 829 2691 erugine
856 2651 933 2681 edd.
989 2649 1015 2669 ⁶⁰
1043 2661 1191 2691 corpore
1219 2653 1253 2682 3.
1308 2650 1337 2669 ⁷⁰
1360 2650 1514 2681 Bethiea
1539 2651 1615 2683 edd.
1640 2652 1783 2684 Baetica

72 2706 158 2738 lana
184 2706 431 2748 (czmlalztsiselze
456 2706 580 2746 H'olle)
608 2717 628 2737 a
653 2706 761 2738 rutilo
789 2706 908 2738 colore
933 2707 1058 2737 nativo
1084 2707 1206 2748 magni
1234 2706 1427 2737 aestimata.
1454 2706 1540 2738 Plz'n.
1559 2707 1604 2737 H.
1623 2707 1665 2738 N.
1684 2708 1780 2739 VIII.

71 2761 125 2802 48,
139 2768 182 2794 73.
202 2763 357 2794 Martial.
377 2761 522 2794 x]1.(?›ss.
542 2761 724 2794 XIV.133.
745 2762 861 2794 quen.
882 2765 949 2793 sat.
970 2761 1115 2793 X11.40.
1142 2763 1235 2793 Item
1261 2762 1458 2793 Canusina.
1479 2762 1565 2793 Plin.
1592 2762 1614 2793 1.
1636 2773 1665 2794 0.
1685 2764 1781 2794 Mar-

72 2821 140 2851 tial.
159 2819 254 2850 XIV.
277 2818 352 2850 127.
378 2837 419 2841 —
444 2818 528 2849 Alia
554 2818 624 2849 fuit
651 2818 835 2849 Canusina
861 2822 949 2859 toga
974 2818 1126 2849 Henriei
1151 2817 1237 2849 IIII.
1257 2818 1343 2859 imp.
1436 2817 1462 2837 ⁷¹
1490 2817 1610 2849 Callai
1642 2829 1721 2850 011111
1747 2822 1779 2852 4.

71 2875 126 2906 De
153 2874 328 2906 Callaicis
355 2873 571 2906 aurifodinis
597 2874 644 2905 ef.
665 2874 759 2906 Plin.
778 2875 823 2906 H.
842 2875 885 2906 N.
904 2875 1072 2905 XXXIII.
1092 2875 1177 2913 4,21.
1255 2873 1283 2893 ⁷2
1307 2873 1474 2915 Erithreo
1493 2876 1523 2905 1.
1550 2874 1729 2915 Erythreo
1748 2878 1779 2908 4.

70 2931 126 2962 De
152 2931 360 2973 margaritis
386 2931 660 2973 smaragdisque
686 2931 868 2972 Erythraei
894 2942 919 2962 s.
947 2930 1044 2961 rubri
1069 2930 1178 2961 maris
1205 2929 1398 2971 (gurgitis)
1426 2930 1473 2961 ef.
1493 2930 1646 2962 Martini.
1663 2931 1705 2963 V.
1724 2931 1778 2964 37.

71 2986 112 3018 Χ.
135 2985 186 3017 16.
212 2986 299 3018 Stat.
318 2987 399 3019 silv.
418 2988 479 3020 IV.
497 2986 528 3025 6,
544 2992 584 3019 15.
615 2987 787 3018 Claudiam.
806 2987 891 3018 IIII.
913 2997 1011 3017 cons.
1030 2987 1165 3017 Honor.
1184 2984 1260 3017 563.
1282 2996 1312 3016 0.
1332 2987 1488 3028 interpp.
1559 2985 1587 3006 ⁷3
1618 2986 1777 3028 Assyriae

70 3052 173 3084 opes:
200 3053 368 3084 purpura,
398 3044 496 3082 ebur,
525 3053 660 3081 aurum,
690 3046 864 3082 aromata,
884 3043 1061 3081 balsama,
1088 3043 1177 3082 suoi,
1205 3042 1378 3079 cortices,
1405 3042 1556 3075 fruetus.
1627 3041 1655 3062 ⁷⁴
1680 3044 1777 3076 Prae-

70 3098 146 3129 dita
172 3100 264 3130 2...4.
358 3097 385 3117 ⁷5
410 3097 617 3140 Hymettus]
644 3099 779 3130 Imetus
805 3100 881 3131 edd.
908 3099 1040 3130 Attieae
1067 3109 1167 3129 mons
1193 3098 1314 3139 thymo
1340 3099 1557 3140 floribusque
1585 3102 1621 3130 et
1647 3101 1776 3142 apibus

1389 3159 1476 3198 19*
