2081 3517
180 1858 203 1887 ἕ.
215 1857 256 1884 39.

178 2254 202 2283 ᾖ.
211 2254 253 2280 40.

179 2701 254 2732 §.st

286 219 376 264 178
410 239 562 260 HELIANI
581 239 626 260 DE
647 239 763 260 BELLO
785 239 880 259 SVSC.
897 239 978 259 ADv.
997 236 1126 257 VENET.
1143 236 1187 256 ΕΤ
1206 235 1344 257 TVRCAS
1364 235 1499 256 ORATIO
1517 235 1688 256 MAXIMIL.
1705 235 1788 257 AvG.
1805 237 1926 258 DICTA.

279 353 356 376 cum
386 343 497 387 copiis
527 350 724 376 convenere
753 339 900 374 animati
924 348 994 382 pro
1021 338 1247 372 sanctissima
1277 342 1377 371 terra
1404 340 1515 377 mori;
1549 340 1732 383 petierunt
1759 340 1796 373 in
1826 338 1972 385 Syriam

278 399 426 433 navibus
456 398 719 443 transportari:
764 395 950 430 Venetiam·
970 397 1119 438 accepta
1147 393 1311 428 mercede
1340 394 1511 429 adversos
1536 399 1654 429 ventos
1678 396 1884 430 simulantes
1913 405 1972 430 eos

277 456 313 488 in
342 454 524 489 Dalmatia
551 455 800 497 exposuerunt
829 455 861 484 et
886 458 1009 483 eorum
1039 459 1152 493 opera
1182 451 1240 484 usi
1265 453 1350 484 sunt
1376 450 1426 484 ad
1450 449 1624 484 Iaderam
1657 461 1702 485 ac
1726 452 1820 485 alias
1848 452 1970 485 civita·

277 514 327 544 tes
363 521 442 555 quse
472 509 735 544 rebellaverant
779 517 800 539 a
839 505 978 540 Venetis
1015 506 1263 550 recipiendas:
1299 506 1440 553 interim
1469 506 1728 552 lherosolymoe
1762 508 1968 551 capiuntur,

276 577 345 600 non
372 566 510 611 quidem
530 564 812 600 Christianorum
841 561 1063 606 neyliyentia‚
1094 566 1132 595 ut
1149 562 1316 606 plerique
1341 561 1576 604 arbitrantur,
1607 562 1672 596 sed
1699 562 1777 597 dolo
1807 573 1852 596 ac
1876 570 1996 607 pro-5

278 622 405 655 ditione
453 620 674 655 Venetorum.
734 618 812 662 quis
855 617 913 651 hic
955 628 1026 651 non
1071 617 1306 662 vociferaret,
1353 618 1654 660 excandesceret,
1700 619 1971 663 inyemisceret?

221 672 368 708 127.¹'¹'⁸‘²'¹¹'·
390 672 459 699 ΕΗ
500 676 628 710 Pisani
659 673 828 719 qucundiu
861 673 1084 718 floruerunt,
1128 673 1333 708 Genuenses
1367 675 1464 708 omni
1498 678 1656 719 tempore
1688 673 1899 708 Christianis
1933 675 1969 708 in

277 707 379 722 nuermess

275 734 408 767 oriente
435 730 676 766 laborantibus
703 731 776 763 suis
813 729 987 763 classibus
1021 729 1279 769 subvenerant,-
1311 733 1348 763 at
1386 729 1573 764 Venetiani
1605 739 1749 775 semper
1787 730 1889 775 infidi
1925 740 1970 764 ac

270 788 519 834 fraudulenti,
549 794 692 830 semper
721 785 886 819 crudeles
916 786 1119 820 extiterunt.
1178 785 1250 819 Hic
1276 786 1384 820 multa
1408 790 1587 831 praetereo
1618 786 1662 820 de
1692 785 1806 831 Sophi
1831 785 1966 820 Persa-

271 839 434 893 {5ss2‘,.¹sj‚‡{
473 854 553 877 rum
581 851 680 887 reye,
709 842 772 886 qui
798 842 996 875 maximum
1028 851 1110 875 cam
1144 841 1175 875 T
1175 842 1273 876 urcis
1297 841 1423 876 bellum
1451 843 1561 887 yerit,
1593 843 1696 876 cuius
1725 846 1890 877 oratores
1919 841 1969 876 ad
1983 851 2013 876 10

274 900 494 936 Christianos
506 899 696 943 principes
718 898 896 932 venientes
921 897 1107 932 Venetiani
1122 897 1349 932 retrocedere
1369 903 1570 943 coeyerunt.
1602 899 1718 932 omitto
1738 899 1840 944 lonye
1855 898 1967 943 plura

273 950 475 1003 EYEZZZZZZU
516 955 558 988 de
592 953 787 988 Emanuele
822 953 921 999 Reye
958 953 1213 987 Lusitanorum
1248 963 1293 987 ac
1321 953 1667 999 Portuyallensiam,
1709 955 1771 999 qui
1805 964 1911 1001 quom
1945 965 1967 988 a

273 1017 368 1056 teryo
398 1011 522 1055 Libyae
551 1012 587 1044 in
614 1018 717 1043 mare
746 1008 895 1044 rubrum
933 1010 1071 1043 classes
1104 1009 1234 1043 multas
1266 1011 1338 1043 iam
1369 1011 1506 1044 miserit
1541 1013 1574 1044 et
1600 1010 1772 1055 Aeyypti,
1809 1009 1967 1052 Arabioe,

272 1067 450 1109 Persidis,
497 1066 743 1108 Caramanice,
789 1065 923 1107 Indice,
974 1065 1006 1099 T
1004 1065 1203 1110 aprobanoe
1236 1065 1328 1110 fines
1360 1066 1556 1110 populatus
1590 1064 1725 1110 faerit,
1762 1077 1784 1099 a
1830 1065 1970 1100 Venetis

272 1133 399 1168 mayno
429 1123 508 1157 odio
535 1121 676 1157 habitus
705 1125 776 1164 est,
812 1121 909 1166 quod
933 1130 992 1155 eos
1016 1123 1051 1155 in
1078 1122 1278 1156 societatem
1307 1121 1401 1155 illius
1426 1122 1622 1156 commertii
1652 1123 1816 1166 recipere
1843 1122 1963 1163 noluit,
1981 1129 2031 1159 15,

271 1180 311 1214 ob
337 1188 487 1224 eamque
515 1188 663 1212 causam
687 1177 838 1223 fabros,
875 1179 1082 1220 materiam,
1119 1188 1224 1211 arma
1250 1176 1410 1212 Solclano
1440 1178 1695 1223 Aeyyptiorum
1720 1182 1875 1223 tyranno
1904 1178 1968 1210 mi-

271 1239 417 1277 serunt,
451 1239 488 1269 ut
510 1235 690 1279 (edificata
718 1239 823 1280 atque
846 1234 1022 1268 instructa
1053 1235 1170 1268 classe
1191 1232 1484 1278 Portuyallenses
1514 1245 1536 1267 a
1565 1235 1672 1268 tantis
1697 1235 1845 1279 inceptis
1872 1243 1968 1268 sum-

271 1295 434 1326 moveret.
494 1295 640 1325 transeo
666 1300 746 1337 quse
775 1292 810 1324 in
841 1289 972 1335 Cypro,
1004 1291 1039 1324 in
1073 1289 1190 1332 Creta,
1222 1291 1258 1324 in
1284 1290 1410 1332 Ponto,
1447 1291 1483 1323 in
1511 1290 1776 1334 Peloponneso,
1806 1291 1841 1324 in
1862 1290 1968 1324 omni-

270 1348 332 1382 bus
364 1346 578 1392 Cycladibus
607 1351 734 1381 contra
766 1345 986 1381 Christianos
1011 1350 1272 1392 patraverunt,
1313 1355 1358 1380 ne
1394 1350 1531 1380 vestras
1553 1346 1836 1391 patientissimas
1859 1354 1969 1380 aures

269 1414 393 1438 eorum
430 1403 623 1437 sceleribus
661 1403 808 1436 ulterius
843 1401 1056 1436 obtundam:
1099 1413 1209 1436 zcnum
1247 1406 1381 1436 tantum
1415 1402 1530 1436 dicam
1575 1406 1607 1435 et
1631 1403 1716 1447 finis
1749 1403 1827 1436 erit.
1886 1401 1965 1447 Hy·
1982 1409 2014 1434 20

270 1456 417 1508 mamas
458 1459 571 1493 cIrons
607 1459 727 1493 civitas
763 1462 816 1492 est
842 1457 1109 1493 Salentinorum
1148 1459 1182 1492 in
1221 1459 1393 1492 extremis
1423 1459 1496 1492 oris
1537 1458 1676 1492 Italiae:
1713 1457 1810 1492 hanc
1844 1457 1969 1492 urbem

273 1516 304 1549 T
305 1526 404 1550 urcce
427 1519 525 1549 terra
553 1516 717 1560 marique
744 1514 906 1549 obsidere
931 1515 1049 1549 adorti
1071 1520 1165 1550 sient.
1225 1515 1284 1548 illa
1312 1514 1430 1549 Italice
1463 1515 1573 1560 regno,
1601 1525 1682 1559 quoe
1711 1518 1806 1548 certe
1836 1524 1968 1559 mayna

270 1582 315 1606 ac
340 1572 565 1617 fertilissima
594 1575 665 1613 cst,
703 1571 753 1604 ad
783 1571 972 1616 Garyanos
1008 1580 1120 1617 usque
1150 1574 1283 1604 montes
1317 1575 1385 1604 tota
1420 1570 1451 1604 T
1451 1581 1626 1605 arcarum
1648 1570 1806 1615 flammis
1833 1579 1968 1604 exure·

269 1629 394 1670 batur,
427 1632 459 1662 et
486 1629 557 1662 iam
586 1638 657 1661 non
686 1636 796 1672 reyno
827 1626 959 1661 Sicilice
988 1631 1143 1669 tantum,
1175 1626 1241 1660 sed
1268 1625 1413 1669 Romce,
1452 1627 1662 1661 sanctuario
1693 1626 1766 1669 dei,
1798 1626 1863 1660 sed
1889 1625 1967 1660 Ita-

269 1685 325 1718 lice
366 1694 410 1718 ac
449 1686 509 1718 toti
546 1683 803 1719 Christianituti
832 1683 1050 1717 timebamus.
1110 1684 1189 1728 quis
1228 1687 1299 1716 tum
1338 1682 1623 1718 Christianorum
1661 1693 1733 1716 non
1777 1683 2012 1728 1'n9en1uit.'25

269 1742 347 1785 quis
376 1750 478 1785 opem
507 1751 577 1774 non
604 1740 699 1782 tulit,
738 1750 842 1784 quom
883 1739 927 1772 ab
965 1739 1137 1785 Unyuris,
1178 1739 1222 1772 ab
1261 1743 1421 1773 extremo
1459 1739 1700 1784 septentrione
1735 1742 1844 1784 atque
1873 1740 1968 1773 occi-

271 1796 374 1831 dente
394 1796 550 1842 undique
581 1797 719 1830 (cimilia
749 1798 1011 1837 convenissent,
1043 1799 1076 1828 et
1103 1806 1173 1829 non
1200 1795 1386 1839 principes
1416 1805 1460 1829 ac
1489 1796 1646 1831 civitates
1665 1795 1791 1837 solum,
1819 1795 1885 1830 sed
1905 1794 1967 1840 fa-

273 1853 377 1886 milite
413 1852 576 1897 fratrum
612 1851 890 1886 memlicantium
925 1860 1066 1897 ottoque
1101 1851 1262 1885 subsidia
1297 1855 1536 1895 praestarent,
1580 1851 1647 1885 soli
1691 1850 1877 1886 Venetiani
1909 1851 1972 1896 qui

266 1902 627 1956 fflssssmpsssdgv‘ssssfflsst'ss'fbff
671 1912 742 1942 tum
777 1908 927 1941 classem
967 1908 1239 1951 paratissimam
1280 1917 1325 1940 ac
1367 1908 1677 1942 instructissimam
1719 1908 1757 1941 in
1797 1906 1970 1942 anchoris

269 1966 439 2010 Corcyrae
469 1964 650 2005 tenebant,
687 1965 751 2009 qui
777 1964 844 1997 soli
871 1964 1086 1998 obsidionem
1115 1964 1252 1997 solvere
1274 1965 1492 2008 potuissent,
1526 1963 1594 1997 soti
1619 1967 1859 2009 spectatores,
1897 1973 1968 1997 non
1980 1975 2013 2001 30

265 2021 502 2055 scicritz'atores
542 2029 620 2054 esse
662 2021 879 2054 maluerunt.
937 2019 1024 2066 quid
1063 2020 1325 2054 auaeiliatores?
1372 2020 1476 2054 immo
1511 2019 1720 2064 proditores
1761 2021 1966 2061 extiterunt,

263 2088 370 2123 quom
396 2077 591 2111 simultates
612 2081 779 2122 [sererent
804 2086 884 2110 cum
918 2076 1150 2111 Ferdinando
1179 2085 1263 2121 regie
1284 2075 1603 2121 Neapolitanorum
1628 2080 1784 2121 propter
1806 2075 1966 2121 Alphon-

267 2142 346 2167 sum
373 2133 497 2177 filium,
528 2134 590 2178 qui
617 2137 700 2167 tunc
728 2133 941 2167 Hetruriam
971 2132 1057 2166 bello
1087 2132 1278 2177 quatiebat,
1307 2133 1465 2166 timentes
1492 2142 1538 2167 ne
1567 2133 1684 2166 maior
1706 2132 1814 2177 fieret
1822 2147 1833 2171 ;
1862 2142 1968 2178 quom

266 2190 338 2234 ipsi
362 2200 434 2223 non
456 2193 623 2234 possent,
651 2198 723 2233 per
748 2188 780 2223 T
779 2198 889 2223 arcas
918 2189 1073 2222 iniurias
1102 2198 1189 2222 suas
1219 2189 1344 2222 ulcisci
1368 2189 1591 2231 maluerunt,
1626 2193 1732 2234 atque
1755 2189 1804 2222 ita
1826 2187 1858 2223 T
1856 2197 1968 2223 arcas

268 2246 302 2278 in
334 2244 478 2279 Italiam
508 2256 530 2279 a
558 2247 632 2279 suis
659 2245 856 2280 cervicibus
884 2246 1098 2279 reiecerunt.
1157 2244 1405 2278 recordamini
1430 2245 1600 2289 temporis
1629 2245 1742 2286 illius,
1782 2255 1889 2290 quom
1919 2243 1964 2278 ab
1979 2257 2011 2282 35

267 2301 428 2336 omnibus
466 2301 549 2347 scre
585 2300 797 2336 Christianis
831 2301 1036 2335 laboratum
1074 2304 1142 2342 est,
1183 2304 1217 2334 et
1252 2305 1363 2334 morte
1401 2299 1433 2334 T
1432 2302 1514 2334 urci
1544 2301 1640 2346 rcyis
1685 2310 1782 2346 oeyre
1819 2300 1969 2335 obtinui-

267 2368 364 2400 mus,
404 2361 442 2392 ut
481 2357 686 2392 deditionem
712 2357 920 2403 Hydruntis
949 2357 1139 2402 facerent:
1177 2360 1261 2401 quot
1298 2357 1393 2390 milia
1423 2355 1709 2391 Christianorum
1746 2360 1829 2391 tunc
1874 2356 1905 2391 T
1904 2368 1961 2391 ur-

266 2416 317 2449 εἰς
350 2413 512 2448 manibus
540 2413 721 2448 trucidata
750 2417 854 2447 sunt!
890 2419 1061 2458 quantum
1087 2412 1282 2448 Christiani
1309 2414 1496 2458 sanyuinis
1526 2412 1742 2448 exhaustum
1781 2417 1851 2447 est!
1887 2417 1970 2458 quot

266 2470 491 2505 nobilissime&
526 2473 722 2511 malrome,
763 2474 846 2514 quot
884 2471 1056 2514 oirffl'nes,
1091 2472 1175 2514 quot
1204 2470 1316 2513 pueri
1352 2470 1387 2502 in
1423 2469 1592 2503 miseram
1630 2470 1831 2504 servitutem
1869 2469 1970 2514 rapti

265 2531 358 2569 sunt,
383 2537 535 2572 quorum
563 2526 627 2560 alii
653 2525 772 2559 culhuc
806 2525 837 2559 T
837 2526 933 2560 urcis
962 2525 1136 2570 abneyata
1164 2524 1238 2569 fide
1257 2525 1428 2567 serviunt,
1459 2526 1547 2560 alios
1577 2535 1639 2571 eqo
1666 2525 1745 2568 vidi,
1777 2526 1840 2571 qui
1857 2535 1962 2571 quom
1977 2538 2010 2563 40

266 2585 345 2617 iure
366 2583 575 2627 postliminii
599 2582 740 2616 reversi
768 2591 822 2615 me
850 2583 904 2615 ius
935 2581 1070 2615 (licente
1096 2582 1158 2616 vias
1187 2592 1209 2614 a
1229 2581 1443 2625 parentibus
1469 2573 1966 2627 recoynoscerenturjtotum

265 2639 389 2684 sorum
421 2638 619 2685 lachrymis
656 2638 896 2683 complevere.-
934 2648 1003 2671 non
1041 2639 1185 2671 memini
1213 2636 1434 2672 Christianos
1473 2639 1645 2672 maiorem
1675 2637 1814 2672 cladem
1839 2641 1965 2683 pertu-

270 2696 369 2737 lisse,
400 2706 419 2730 o
458 2695 659 2739 Venetiani,
685 2705 792 2740 quam
822 2693 916 2728 vobis
944 2693 1147 2728 auctoribus
1166 2695 1336 2738 perpessi
1362 2700 1504 2741 sumust
1531 2694 1604 2729 Sed
1631 2695 1664 2729 si
1690 2693 1849 2728 homines
1876 2693 1972 2728 obliti

357 2823 371 2843 4
397 2837 428 2858 a.
450 2825 546 2858 1187.
640 2826 667 2846 ¹⁰
698 2825 819 2857 Schah
848 2824 981 2856 Ismael
1007 2824 1116 2866 Sophi
1140 2825 1167 2856 Ι.
1189 2836 1220 2856 a.
1243 2824 1467 2857 1501...15·23.
1494 2824 1551 2866 (de
1582 2836 1643 2867 quo
1671 2828 1773 2866 ptura
1796 2828 1858 2857 vol.
1877 2824 1964 2865 1111.)

270 2880 295 2901 ¹²
319 2882 496 2913 Emanuel
518 2883 760 2918 Fortunatus,
786 2892 849 2913 rex
874 2892 906 2913 a.
930 2880 1154 2912 1495...15·2l.
1180 2882 1336 2913 Maxime
1363 2883 1400 2913 in
1419 2892 1450 2913 a.
1472 2881 1566 2913 1504.
1592 2881 1758 2913 incidunt
1783 2891 1861 2922 quae
1886 2881 1920 2912 h.
1939 2881 1962 2912 l.

268 2938 480 2969 referuntur.
567 2937 594 2957 ¹³
618 2938 714 2978 lybie
742 2940 771 2968 1.
864 2936 889 2956 ¹⁶
916 2936 1072 2968 Saldano
1092 2938 1119 2968 1.
1133 2938 1164 2967 2.
1192 2937 1318 2968 Kansu
1344 2937 1378 2968 al
1396 2939 1512 2979 gouri.
1591 2936 1617 2957 ¹3
1641 2936 1913 2979 pelloponensso
1932 2938 1962 2968 1.

268 2994 498 3035 Pellopofieso
516 2996 548 3025 2.
610 2993 637 3013 ²¹
657 2993 808 3030 Otrant0‚
828 3004 849 3025 a.
865 2993 1061 3024 Mahometi
1078 2993 1126 3024 ΙΙ.
1144 2992 1260 3024 classe
1280 3003 1514 3035 oppressam.
1530 2994 1621 3034 Aug.
1639 2992 1748 3031 1480„
1763 2996 1845 3034 post
1863 2993 1964 3024 cuius

268 3050 487 3081 Venetorum
506 3050 614 3081 amici
632 3054 781 3081 mortem
800 3050 846 3090 (d.
865 3048 895 3081 3.
916 3049 1001 3080 Mai.
1023 3059 1054 3079 a.
1078 3047 1187 3087 1481.)
1207 3050 1337 3080 civitas
1357 3060 1377 3080 a
1395 3050 1580 3080 Lusitanis
1599 3050 1844 3090 Hispanisque
1862 3059 1962 3080 recu-

268 3109 425 3146 peratur.
493 3105 521 3124 2³
546 3106 662 3137 Monte
687 3107 722 3137 di
745 3105 780 3137 S.
801 3107 941 3147 Anyeto.
