2081 3517
356 242 516 265 HVTTENI
537 243 583 264 AD
602 243 777 264 CAESAREM
797 240 1074 264 MAXIMILIANVM
1094 238 1386 263 EPIGRAMMA'rvM
1402 238 1523 262 mmm.
1693 218 1785 266 221

355 344 435 389 Qua
469 344 575 382 rabie
606 345 757 382 aneus
788 344 946 394 Byzanti
979 343 1144 393 perdidit
1175 342 1334 385 urbem,

319 423 334 446 s
470 411 551 448 'Non
585 416 761 449 metuunt
792 411 942 453 Veneti,
976 411 1041 448 sed
1074 410 1250 459 graviora
1282 409 1418 447 ferent.

271 519 329 555 34.
669 522 731 552 DE
759 521 876 551 ODIO
904 521 1211 552 VENETORVM.

358 598 533 636 Oderunt
565 599 697 648 populi
730 599 913 641 Venetos,
947 599 1064 636 odere
1096 599 1266 649 tyranni,

466 666 618 714 Quique
649 664 787 714 procul
821 666 963 714 quique
994 665 1054 702 liis
1084 666 1322 714 proximiora
1355 670 1509 708 tenent,

354 731 557 769 Excidium
589 732 717 769 cuncti
748 743 1008 781 supremaque
1042 731 1115 769 fata
1147 737 1377 782 precantur,

322 811 335 834 ⁴
468 797 690 846 Regnantes
722 809 835 835 nemo
868 798 970 836 ferre
1002 803 1127 847 potest
1160 799 1335 836 Venetos.

357 864 599 914 Dispeream,
632 869 747 901 tant-fo
779 876 863 914 qua}
896 865 1066 914 pondera
1098 867 1262 903 sustinet
1293 864 1401 903 urbis

466 931 505 968 Si
536 943 604 969 sua
638 944 725 969 cum
759 931 912 969 Venetis
944 932 1054 969 Doris
1086 933 1206 970 amica
1238 937 1380 970 manet.

271 1039 332 1076 35.
458 1043 522 1072 DE
549 1042 709 1073 PVGNA
734 1042 1098 1073 MEDIOLANENSI
1124 1044 1170 1073 IN
1198 1043 1430 1074 VENETOS.

354 1119 541 1157 Insuhriae
573 1121 752 1159 cecidere
783 1122 924 1165 duces,
958 1122 1034 1159 ruit
1064 1120 1218 1159 Helveta
1252 1120 1394 1170 pubes,

467 1186 617 1225 Gaudet
648 1192 685 1225 et
715 1189 751 1225 in
785 1189 908 1237 patria
940 1187 1044 1225 Rana
1079 1188 1290 1237 triumphat
1320 1199 1431 1238 aqna.

354 1253 430 1291 Fer
462 1254 633 1293 modice,
668 1267 738 1292 nec
770 1260 806 1292 te
840 1257 1001 1293 nimium
1034 1255 1280 1293 successibus
1312 1255 1423 1292 ess'er:

322 1334 336 1358 4
470 1320 706 1369 perpetuum
742 1334 817 1358 non
851 1326 908 1359 est
938 1310 1012 1359 boe
1043 1321 1130 1364 tibi,
1163 1322 1289 1365 Rana,
1323 1321 1490 1364 bonum;

357 1386 510 1436 Optima
542 1399 703 1437 (ltneque
736 1400 847 1425 suum
881 1389 955 1426 rito
988 1389 1138 1437 perlicit
1168 1389 1262 1425 liora
1296 1394 1491 1431 tenorem,

468 1453 586 1491 Nutat
616 1454 652 1491 in
685 1454 868 1503 ambiguo
900 1467 985 1492 sors
1016 1454 1191 1493 malefida
1224 1460 1335 1493 statu.

357 1520 451 1559 Cum
482 1521 612 1558 videas
644 1521 738 1558 nihil
772 1534 853 1559 essi¹
887 1522 973 1561 diu.
1006 1522 1190 1560 mutanda
1222 1527 1383 1572 repente

324 1600 339 1625 8
473 1587 630 1632 Omnia,
664 1600 734 1638 per
766 1590 888 1626 varias
921 1589 976 1627 ire
1007 1589 1135 1627 redire
1168 1590 1286 1632 vices,

360 1654 441 1692 Hoc
472 1660 581 1705 potes
615 1660 752 1694 eventu
785 1655 978 1693 celebrem
1011 1656 1172 1694 ductare
1203 1656 1465 1706 triumphum,

475 1721 611 1761 Nescia
643 1734 728 1772 quae
758 1723 933 1772 sequitur
965 1723 1061 1772 quid,
1088 1724 1186 1761 serat
1217 1724 1311 1761 bora
1344 1723 1438 1761 tibi?

359 1788 434 1826 Fer
466 1789 636 1835 modice,
669 1801 741 1827 nee
772 1794 808 1828 te
840 1791 999 1828 nimium
1032 1790 1276 1829 successibus
1308 1791 1421 1829 effer:

312 1869 342 1893 12
477 1856 594 1894 Multa
627 1858 700 1894 cito
733 1858 891 1895 veniunt
920 1856 1004 1895 laeta
1037 1857 1259 1907 abeuntque
1291 1860 1377 1896 cito.

278 1976 339 2014 36.
441 1980 505 2010 DE
532 1979 834 2011 PRODITIONE
861 1981 955 2011 PER
980 1981 1177 2011 MILITES
1205 1981 1464 2012 GERMANOS

853 2037 1047 2067 BRIXIAE.

364 2113 446 2152 Non
481 2119 589 2163 capta
622 2120 679 2152 est
710 2115 833 2157 serm,
868 2111 1000 2153 verum
1033 2127 1127 2153 auro
1159 2115 1285 2153 Brixia
1317 2118 1427 2164 capta
1460 2119 1536 2153 est:

476 2181 722 2219 Perdidimus
753 2182 893 2219 samam
925 2182 1245 2232 perdidinulsque
1278 2182 1405 2219 fidem.

365 2248 447 2286 Hoc
478 2249 525 2286 de
557 2249 786 2287 Germanis?
819 2254 884 2286 aut
915 2251 977 2287 eni
1008 2254 1133 2287 metus
1164 2255 1251 2287 ante
1283 2248 1449 2287 subisset

332 2329 345 2353 4
479 2315 534 2353 Ne
566 2317 770 2366 qnisquam
803 2316 874 2353 hos
905 2316 1070 2366 populos
1102 2317 1320 2365 proditione
1352 2316 1483 2354 notet?

366 2383 610 2421 Perdidimus
641 2384 803 2426 samam,
837 2384 959 2427 cives,
993 2388 1030 2421 et
1060 2385 1225 2433 turpiter
1257 2384 1340 2421 ausi

479 2449 669 2488 Omnibus
700 2451 870 2489 externis
902 2450 1030 2489 fabula
1063 2451 1160 2489 sceda
1193 2462 1339 2489 sumus.

367 2517 426 2555 Dii
457 2517 622 2566 perdant
653 2517 802 2555 facinus
833 2517 975 2567 quibus
1006 2517 1081 2556 hoc
1111 2517 1311 2556 autoribus
1342 2521 1469 2556 actum
1503 2522 1581 2562 est,

333 2596 348 2621 s
480 2584 554 2622 Per
585 2596 682 2634 quos
712 2584 795 2623 heec
827 2585 937 2623 famae
968 2587 1139 2624 nascitur
1169 2585 1415 2635 improbitas!

100 2706 165 2741 καὶ
193 2702 345 2749 νύμφης
359 2700 554 2749 Ἁλιμήδης
581 2701 618 2747 ἐξ
633 2702 828 2748 Ἀρκαδίας
856 2705 909 2746 εἰς
928 2708 1076 2749 Συρίαν
1102 2699 1198 2750 ἦλθε
1224 2706 1287 2740 καὶ
1313 2703 1423 2740 πόλιν
1440 2701 1638 2749 ὁμώνυμον
1658 2704 1811 2739 ἔκτισεν.

101 2765 186 2805 Hpt.
207 2762 371 2805 [Miineh:
407 2763 459 2796 bet
485 2761 674 2797 Ἦίἰῐηίῠᾶεῑ·
698 2763 906 2798 Ὲαιηαὲῗιιξπ.
927 2763 977 2806 sb]
1021 2766 1112 2795 Puto
1140 2767 1259 2796 autem
1285 2764 1317 2795 11.
1338 2764 1359 2795 l.
1381 2774 1450 2795 non
1476 2764 1519 2795 de
1544 2764 1717 2804 Pompeio
1742 2763 1815 2794 Da-

101 2830 262 2851 mascum
289 2823 531 2861 expugnante,
559 2820 621 2851 sed
648 2820 691 2851 de
710 2820 927 2852 Tamerlano
954 2832 986 2852 a.
1008 2820 1101 2852 1401.
1121 2821 1246 2851 urbem
1272 2819 1463 2860 diripiente
1483 2819 1565 2859 dici,
1592 2823 1631 2850 ut
1648 2820 1815 2860 sequenti

102 2887 135 2908 v.
163 2876 206 2907 de
234 2874 553 2916 Constantinopoli
579 2885 610 2905 a.
634 2874 729 2906 1453.
750 2881 871 2917 capta.
943 2877 956 2895 ⁷
980 2877 1126 2908 Bizanti
1152 2878 1229 2907 edd.

195 2930 249 2962 34.
291 2931 304 2950 ⁶
329 2941 394 2962 sua
412 2929 533 2971 Doris]
554 2941 652 2961 mare
670 2932 926 2963 Hadriaticum
947 2933 1008 2966 (ef.
1028 2932 1165 2973 Vergil.
1183 2931 1248 2963 ecl.
1269 2930 1370 2969 10‚5.)
1389 2941 1523 2972 sponsa
1540 2932 1673 2962 Veneti
1699 2931 1814 2963 ducis.

195 2986 249 3018 35.
291 2988 445 3018 Aestate
473 2997 504 3018 a.
527 2986 623 3017 1512.
696 2985 704 3005 ¹
732 2984 822 3029 Ins.]
851 2988 1061 3019 Mediolani.
1135 2986 1161 3006 ¹²
1187 2987 1275 3018 loeta
1302 2989 1331 3018 1.

198 3041 251 3074 36.
292 3044 417 3074 Etiam
444 3043 644 3073 Cardonam
675 3043 786 3074 (iusto
813 3043 855 3074 de
883 3044 1033 3075 Foissoo
1061 3054 1146 3074 auro
1175 3044 1351 3084 corrupit,
1380 3054 1422 3073 m.
1442 3043 1548 3073 Mart.
1570 3053 1602 3073 a.
1624 3043 1720 3074 1512.
1760 3043 1816 3075 Cf.

106 3097 144 3142 533
168 3098 248 3132 ffiret
274 3099 318 3130 II.
339 3100 370 3130 2.
390 3110 423 3141 p.
442 3098 518 3130 988.
