2081 3517
315 187 408 232 318
447 207 639 229 SABELLICI
658 206 702 228 DE
722 207 872 229 VENETAE
890 207 998 229 VRBIS
1016 205 1206 227 APPARATV
1224 204 1485 227 PANEGYRICVM
1504 203 1660 227 CARMEN.
1682 204 1885 228 ORAcVLVM.

573 311 820 355 Pallentesque
849 309 982 354 affecta
1009 317 1122 352 qenas
1145 308 1355 352 pallamque
1383 309 1552 342 recincta.

507 377 554 402 205
576 368 648 401 Nec
676 368 762 400 sutis
790 366 846 398 itte
874 373 988 398 seneoc
1017 367 1137 405 ποίας,
1170 365 1229 397 cui
1256 367 1419 407 tempora
1448 374 1542 398 cana
1905 360 1996 410 5552&

574 420 686 456 Mitra
717 423 796 466 teqit
823 428 1000 465 sacroque
1024 423 1134 463 caput
1159 420 1344 464 consurqit
1367 418 1523 456 honore..-

572 479 720 512 Dulcior
746 476 887 521 affatu.-
916 475 1079 520 quamvis
1108 478 1141 508 et
1169 485 1359 508 murmura
1390 475 1520 520 linquae

573 533 633 567 Nil
654 533 788 566 triviale
817 536 952 565 sonent.
1013 530 1166 575 Iamque
1193 531 1229 564 in
1258 539 1297 564 se
1321 535 1445 564 nostra
1469 535 1650 577 retorquet
1822 527 2000 577 ᾖξζζζζθαεζῇζζ

572 589 722 623 Lumina
753 587 899 632 syderei
925 590 1040 620 mater
1065 586 1231 631 formosa
1266 585 1448 621 Tonantis.

507 656 556 680 210
576 644 649 679 Sed
672 643 759 688 quid
788 652 842 676 me
864 641 1004 688 fessum
1027 643 1176 687 rapiunt
1203 642 1286 676 hinc
1313 642 1392 687 fata
1423 646 1621 676 retrorsum

576 700 811 744 Obiiciturque
832 699 968 743 procul
995 699 1148 741 iuvenis,
1177 699 1238 743 qui
1263 698 1360 732 nuda
1391 700 1569 733 revinctus
1869 694 1999 748 fflffis¹²¹⁶

572 755 736 790 Membra
765 756 857 788 iacet
882 754 1005 789 mediis
1029 754 1212 799 flammis?
1241 764 1306 788 nec
1332 754 1412 788 dira
1443 758 1591 788 recusat

573 811 778 857 Supplicia,
812 811 1060 856 admotumque
1086 821 1212 856 roqum
1241 821 1311 844 non
1343 811 1463 853 sentit,
1492 810 1626 845 honore

571 867 737 902 Percitus
761 877 916 901 arcano:
943 866 1027 900 hinc
1055 867 1184 910 oculis,
1213 865 1297 900 hinc
1324 871 1473 911 pectore
1503 870 1570 901 toto

506 933 554 958 215
575 923 712 957 Pendet
739 927 772 957 et
799 923 960 957 culmotas
985 933 1056 956 non
1087 923 1234 967 respicit
1261 931 1324 956 ore
1353 923 1548 958 ministras,

572 979 732 1014 Accubat
756 979 915 1021 ardenti,
945 988 1053 1013 suras
1075 979 1231 1012 nudatus
1256 982 1288 1012 et
1313 978 1436 1020 ulnas,
1782 993 1784 1025 y
1809 973 2003 1023 ssgtssffjgfflj

573 1034 828 1081 Conlectusque
857 1035 1025 1069 humeros
1056 1035 1256 1079 ventrisque
1285 1038 1449 1068 extrema
1470 1035 1601 1079 riqenti

574 1091 727 1133 Cortice,
759 1091 905 1125 demissi
931 1092 990 1125 cui
1016 1095 1098 1126 sunt
1122 1101 1193 1135 pro
1219 1094 1312 1124 veste
1341 1091 1482 1135 capilli.-

572 1147 749 1182 Nimirum
778 1147 837 1182 liic
865 1148 922 1181 ille
947 1152 1014 1189 est,
1045 1146 1202 1181 celebrat
1228 1157 1331 1192 quem
1355 1147 1538 1180 maximus
1564 1145 1679 1188 orbis,

504 1215 553 1239 220
575 1203 713 1249 Quique
743 1205 809 1238 tuis
831 1207 988 1246 castum,
1014 1203 1176 1248 fatorum
1204 1204 1385 1245 conscius,
1418 1213 1568 1248 aqnum,

572 1259 772 1303 Iordanes,
799 1261 971 1294 immersit
995 1261 1108 1305 aquis.
1138 1269 1211 1293 vox
1236 1258 1367 1304 ferrea
1399 1258 1529 1293 mundo

572 1316 752 1350 Inclamat
780 1318 1005 1361 ‘properate,
1034 1317 1121 1357 viri,
1152 1317 1195 1348 sit
1216 1316 1341 1349 semita
1371 1315 1449 1360 reqi

572 1374 580 1388 ⁶
599 1372 758 1417 Undique
783 1377 912 1417 aperta
946 1372 1036 1406 suo'.
1066 1371 1131 1406 sed
1157 1371 1243 1416 qaid
1264 1372 1383 1405 crucis
1414 1380 1541 1416 aqmen
1571 1370 1620 1404 ad
1647 1379 1738 1404 aras

573 1427 768 1474 Conspicor
792 1428 1025 1474 armiferum,
1055 1429 1109 1462 vel
1136 1438 1216 1472 quce
1242 1437 1372 1461 manus
1401 1428 1555 1472 impiqra
1584 1427 1719 1460 circum

504 1494 552 1519 225
573 1484 760 1523 Eoecubat;
787 1495 835 1518 an
865 1495 1061 1529 numquam
1090 1485 1192 1518 statio
1221 1483 1299 1517 luec
1327 1488 1397 1517 tam
1423 1483 1498 1528 fida
1529 1483 1696 1516 remittit!

571 1540 652 1575 Heu
683 1542 827 1575 nimium
853 1542 990 1586 seqnis!
1019 1541 1104 1586 quid
1125 1549 1180 1573 me
1209 1549 1286 1573 mea
1316 1544 1394 1575 vota
1421 1543 1612 1573 morantur

570 1596 645 1631 Per
665 1598 822 1642 geminos
850 1597 1014 1642 scopulos
1043 1597 1225 1641 surgentia
1254 1596 1375 1629 limina
1406 1594 1548 1630 climcm’?
1779 1589 2000 1639 ffffifffflsfsw‘

571 1653 688 1687 Huius
713 1654 846 1687 dextra
874 1654 986 1698 quatit
1004 1653 1186 1697 palmam,
1217 1653 1332 1698 quatit
1356 1653 1413 1686 ille
1441 1652 1588 1686 sinistra

570 1709 730 1743 Prcemia
760 1709 906 1743 devictce
929 1719 1000 1753 per
1030 1713 1076 1743 tot
1103 1709 1301 1742 certamina
1332 1713 1453 1742 terrce.

503 1776 551 1800 2:30
572 1766 607 1799 F
606 1767 698 1799 altor
727 1776 773 1799 an
799 1774 956 1799 arcanos
985 1766 1064 1799 coeli
1088 1768 1249 1798 scrutata
1278 1773 1442 1798 recessus
1863 1760 1867 1812 ᾗ
1892 1758 2000 1808 ζζὰζζῗυῐ

570 1821 660 1855 Htec
687 1823 763 1856 (teis
792 1822 851 1855 itta
875 1826 1022 1866 potens,
1051 1832 1132 1865 quce
1161 1830 1258 1854 nunc
1284 1829 1398 1865 super
1422 1819 1542 1853 ardua
1572 1819 1699 1853 mundi

569 1877 794 1923 Prcepetibus
823 1878 941 1911 volitat
956 1878 1107 1922 pennis,
1138 1886 1234 1910 nunc
1264 1877 1345 1910 lceta
1371 1875 1536 1909 relabens

569 1934 637 1968 His
666 1937 814 1968 sacrata
844 1934 946 1969 vadis
973 1933 1040 1967 sibi
1066 1933 1180 1966 debita
1212 1933 1342 1978 templa
1367 1933 1496 1966 revisit.

571 1988 598 2024 O
628 1990 744 2024 (lii-itm
768 1989 1004 2024 memoranda
1031 1989 1175 2031 (lomus,
1206 1988 1418 2033 circumflua
1444 1989 1564 2031 tellus,
1862 1982 2000 2033 ξζξξᾝωε

502 2056 549 2081 235
571 2046 706 2091 Ecquce
737 2057 822 2080 nam
845 2056 1019 2092 superum
1050 2056 1121 2080 non
1149 2045 1205 2079 liis
1233 2046 1432 2079 simulacra
1463 2048 1656 2078 coruscant

568 2102 782 2146 Littoribus,
813 2104 954 2148 sparsis
981 2111 1023 2136 en
1052 2103 1188 2136 circum
1219 2107 1378 2146 tempora
1406 2102 1508 2134 canis

567 2159 752 2193 Fatidicus
780 2163 894 2201 vateS,
927 2168 1078 2204 maqnus
1106 2159 1165 2193 cai
1186 2167 1269 2192 voce
1297 2157 1470 2191 sacerdos

568 2214 742 2249 Proditur
770 2219 851 2249 ante
879 2215 967 2249 diem
998 2216 1123 2257 terris,
1154 2224 1253 2248 nunc
1279 2213 1415 2259 sydera
1440 2213 1565 2257 pulsat

576 2270 715 2305 Vei-tice
742 2275 774 2305 et
802 2271 988 2305 exhaustis
1015 2272 1079 2305 uni
1106 2271 1201 2304 cadit
1231 2269 1300 2304 Ida
1330 2270 1498 2311 metallis,

499 2338 547 2363 240
567 2327 879 2373 Dalmaticumque
908 2328 1001 2362 latus
1026 2326 1238 2372 Chalcisque
1267 2326 1405 2360 undosa
1435 2325 1586 2359 resedit:

566 2383 725 2417 Miratur
755 2393 821 2418 sua
851 2385 980 2428 templa
1010 2392 1142 2425 senex,
1174 2383 1327 2416 miratur
1354 2381 1510 2416 honores

566 2440 854 2485 Foemineumque
883 2439 1032 2474 eliorum
1062 2444 1095 2473 et
1119 2439 1228 2483 plena
1257 2439 1429 2471 sacraria
1461 2438 1561 2472 divis.

569 2495 635 2530 Cui
660 2497 932 2541 superimposito
957 2507 1079 2540 parva
1110 2494 1188 2528 luec
1219 2498 1323 2528 vacat
1351 2505 1421 2528 ara
1444 2494 1592 2536 sacello,
1786 2488 1936 2538 fflffl‘ssffiejf
1953 2489 1996 2511 ἀ·

564 2552 635 2586 Aut
664 2553 804 2597 qualem
835 2556 917 2586 ante
945 2552 1064 2586 oculos
1092 2551 1214 2596 proles
1243 2550 1395 2596 Alplzeia
1425 2551 1548 2584 motem
1756 2545 1996 2600 ffffssssrmfnsffssfflssa.

387 2682 430 2703 ‘2⁰5
455 2683 490 2716 S.
509 2684 584 2715 Lio.
670 2682 713 2703 ²⁰⁰
738 2681 860 2725 Mitra]
885 2694 998 2724 paple.
1085 2680 1128 2702 2⁰5
1152 2681 1188 2713 S.
1208 2682 1324 2713 Maria
1345 2682 1508 2722 formosa.
1535 2683 1793 2723 antiquissimum
1818 2681 1978 2712 Mariano

298 2750 367 2770 rum
392 2742 585 2780 templorum
615 2741 763 2771 Venetus
788 2744 1028 2771 extructorum.
1122 2736 1163 2757 ²¹¹
1190 2738 1227 2769 S.
1246 2739 1412 2770 Lorenzo.
1499 2737 1541 2758 ²¹5
1566 2735 1765 2778 ministras]
1792 2738 1866 2768 ord.
1885 2737 1994 2768 Bene-

299 2797 388 2826 dicti.
459 2795 502 2815 ²¹⁶
527 2795 563 2826 S.
586 2796 748 2827 Gioz·anni
771 2798 827 2827 del
849 2797 969 2837 tempio
993 2806 1020 2826 s.
1041 2796 1081 2826 de
1099 2795 1131 2825 F
1131 2796 1250 2828 urlani.
1269 2795 1452 2835 prioratus.
1522 2793 1565 2814 ²²⁷
1590 2793 1626 2825 S.
1646 2795 1829 2825 Antonino.
1852 2793 1992 2834 paroch.

298 2851 432 2882 sorbuli
457 2854 488 2883 1.
520 2853 596 2883 Vult
620 2853 656 2884 S.
675 2852 814 2889 Servati,
839 2858 932 2894 puto.
957 2853 1018 2883 sed
1034 2850 1072 2882 S.
1090 2850 1214 2882 Severo
1238 2855 1381 2892 propior
1406 2855 1455 2882 est
1478 2850 1514 2882 S.
1534 2851 1728 2882 Antonino?
1795 2848 1840 2869 ²³⁰
1865 2850 1900 2881 S.
1921 2850 1995 2880 θέο-

297 2909 395 2938 vanni
418 2919 519 2939 nuovo
535 2921 581 2936 Ξ
596 2910 628 2940 in
645 2911 749 2950 oytio;
775 2910 860 2940 illius
885 2911 956 2940 oleo
977 2909 1129 2948 ferventi
1146 2909 1345 2948 interempti.
1407 2905 1451 2926 ²³4
1468 2906 1505 2938 S.
1525 2907 1701 2938 Zaccaria.
1764 2904 1807 2925 ²⁴²
1833 2903 1992 2946 chorum]

297 2964 602 2996 Benedictinarum.
695 2965 743 3006 pl.
770 2963 877 3006 sac-12]
911 2965 1116 2996 Benedictus
1141 2965 1211 2995 FP.
1230 2967 1286 2994 111.
1312 2974 1377 2995 non
1408 2965 1496 2995 nulla
1525 2968 1712 2995 sanctorum
1742 2971 1890 3002 corpora
1920 2962 1994 2992 lzuic

297 3023 414 3060 templo
447 3022 590 3053 donavit.
662 3020 724 3052 SS.
745 3022 883 3062 Felippo
916 3032 932 3051 e
961 3021 1126 3052 Giacomo.
1158 3020 1451 3051 Benedictinorum
1482 3021 1566 3051 olim.
1639 3019 1673 3049 Il
1698 3020 1838 3058 palazzo
1864 3019 1991 3049 ducale.

297 3081 429 3107 urserat
456 3088 485 3107 a.
506 3079 603 3107 1477.
