2081 3517
307 168 393 213 136
422 188 581 209 HVTTENI
601 187 647 209 AD
662 187 1033 209 CAES.MAXI)11L1ANV)1
1053 186 1097 207 VT
1113 186 1257 207 BELLVM
1273 185 1310 207 IN
1326 185 1487 207 VENETOS
1504 186 1987 213 PROSEQAEXHORTATORIVM·

564 289 724 334 Quando
756 289 886 325 odiosa
920 292 991 324 tua}
1021 287 1119 323 sacta
1151 292 1207 324 est
1238 286 1439 325 clementia
1469 288 1574 338 pacis

497 370 545 395 295
674 356 934 403 virtutemque
966 358 1071 391 tuam
1102 354 1271 392 criminis
1301 355 1421 392 instar
1452 353 1612 399 habent,

564 422 724 468 Quando
754 421 821 459 tibi
852 421 982 457 nocuit
1012 420 1115 470 quod
1146 425 1186 459 tu
1216 421 1402 471 prodesse
1432 421 1612 471 putabas,

674 489 752 526 Iam
784 487 938 525 tandem
968 487 1024 525 ire
1055 487 1142 534 tibi,
1177 488 1321 533 Caesar,
1355 489 1392 526 iu
1423 501 1527 527 arma
1558 488 1668 527 licet:

567 557 682 594 Sume
714 555 862 592 animos
896 555 1123 604 veniamque
1154 567 1272 606 nega:
1306 568 1397 593 num
1429 568 1592 606 parcere
1622 555 1678 594 fas
1709 561 1765 594 est

497 637 546 661 300
653 642 657 647 -·
673 620 744 665 Qui
774 623 882 672 prior
914 626 951 660 et
981 633 1095 660 causa
1126 634 1203 660 non
1234 624 1398 673 agitatus
1429 622 1557 667 obest,

564 691 637 728 Aut
667 689 774 727 dabis
805 689 894 727 huie
924 690 1092 733 veniam,
1125 691 1208 740 qui,
1242 702 1329 727 cum
1360 691 1606 741 requiescere
1636 694 1784 740 posset,

674 756 813 794 Indixit
841 760 955 806 rupto
986 756 1130 795 foedere
1160 755 1258 795 bella
1289 756 1380 794 tibi?

563 823 615 862 Da
648 828 775 861 tamen
807 829 843 861 et
873 825 988 861 misso
1019 835 1153 873 pacem
1183 823 1326 874 largire
1357 823 1508 868 duello,

495 904 543 930 304
672 890 711 928 Si
742 903 815 941 pax
847 902 934 928 curn
965 890 1119 930 Venetis
1149 892 1367 941 suspicione
1399 895 1514 929 caret.

561 957 751 996 Instabilis
781 969 935 996 servare
966 957 1080 996 fidem
1111 959 1243 1008 nequit
1273 958 1386 996 Adria
1419 957 1567 1008 proles:

676 1024 858 1063 Naturam
890 1026 1022 1074 patriis
1052 1026 1167 1063 traxit
1197 1024 1243 1063 ab
1277 1025 1513 1075 aequoribus:

563 1091 684 1130 Nemo
715 1092 779 1130 dat
810 1092 999 1135 Adrianus,
1033 1104 1253 1143 quanquam
1286 1092 1385 1130 videt
1417 1104 1501 1131 esse
1533 1105 1736 1137 serenum,

496 1172 546 1198 303
674 1158 870 1198 Fluctibus
901 1160 1057 1198 inducta
1089 1161 1215 1198 navita
1246 1172 1375 1211 puppe
1406 1160 1542 1198 fidem:

562 1226 641 1265 Hoc
673 1228 744 1264 scit
774 1232 888 1265 naula
918 1227 1048 1266 rudis:
1082 1227 1244 1267 Venetos
1275 1234 1315 1266 tu
1346 1227 1489 1266 foedera
1521 1227 1646 1266 credis

674 1294 841 1333 Firmius
872 1295 1056 1344 Euganeo
1088 1307 1200 1345 posse
1233 1301 1364 1334 tenere
1394 1296 1512 1338 freto,

562 1361 734 1412 Iluicque
765 1362 872 1401 dabis
904 1363 1071 1405 veniam,
1104 1363 1188 1412 qui,
1220 1363 1250 1401 si
1282 1368 1317 1401 te
1348 1367 1478 1412 posset
1507 1362 1545 1400 in
1576 1363 1693 1401 armis

497 1442 547 1467 312
671 1428 853 1473 Vincere,
886 1442 963 1468 non
995 1431 1100 1480 pacis
1133 1430 1436 1480 congrederetur
1467 1442 1560 1480 ope,

565 1495 637 1541 Qui
670 1498 787 1534 crevit
817 1496 985 1536 fallendo
1018 1503 1130 1548 atque
1162 1497 1233 1536 hac
1264 1509 1304 1535 se
1335 1498 1472 1535 muniit
1502 1502 1583 1535 arte

676 1563 721 1601 Et
752 1566 834 1614 qui,
869 1577 964 1615 quos
995 1566 1111 1609 iurat,
1144 1576 1221 1602 non
1252 1570 1359 1614 putat
1389 1576 1472 1603 esse
1503 1564 1594 1602 deos
1607 1565 1619 1601 ‘3

564 1631 755 1670 Przeterea
788 1632 954 1670 Venetos
985 1631 1053 1669 tibi
1084 1631 1227 1670 bellum
1258 1632 1403 1670 inferre
1433 1631 1659 1682 pudendum
1691 1637 1767 1677 est,

496 1711 543 1735 310
673 1699 869 1749 Siquando
903 1700 1071 1738 externis
1104 1700 1202 1737 sama
1235 1698 1339 1737 dabit
1368 1698 1542 1749 populi-s:

564 1765 619 1803 Tu
654 1774 766 1816 caput
800 1779 840 1804 es
872 1772 1021 1809 rerum,
1057 1766 1123 1804 tibi
1156 1771 1268 1804 terrae
1298 1766 1468 1805 subdidit
1498 1765 1633 1805 orbem

674 1833 841 1871 Partitus
872 1835 1070 1882 geminum
1102 1834 1244 1883 Iupiter
1276 1834 1502 1883 imperiunn

562 1899 705 1950 Iupiter
736 1906 793 1938 est
823 1901 914 1938 czelo
945 1913 1138 1944 summus,
1172 1901 1242 1938 sul»
1275 1901 1423 1939 (jaesare
1454 1906 1557 1939 terra
1589 1906 1664 1946 est,

494 1980 543 2005 320
672 1967 740 2005 Hic
773 1967 845 2005 sibi
876 1967 1058 2007 mortales
1090 1967 1261 2011 subiicit,
1295 1966 1357 2005 ille
1389 1968 1493 2007 deos.

563 2034 755 2080 Quantum
788 2040 844 2074 est
875 2047 894 2073 a
927 2036 1046 2085 nigris
1078 2034 1294 2073 Nabathzeis
1325 2035 1464 2074 finibus
1495 2035 1616 2082 Indis,

671 2102 839 2141 I’lloehus
872 2102 935 2141 ubi
965 2102 1123 2141 rutilum
1156 2102 1331 2153 provehit
1361 2115 1430 2141 axe
1462 2103 1582 2148 diem,

562 2237 708 2281 Quando
741 2239 865 2275 odiosa
896 2246 966 2276 tuae
998 2240 1088 2275 sacta
1119 2245 1172 2275 est
1203 2239 1390 2275 clementia
1420 2240 1516 2287 pacis
1926 2255 1996 2288 (295)

495 2306 541 2330 ius
681 2295 906 2342 Vz'rlulesqzce
931 2301 1001 2331 tuce
1030 2294 1206 2330 ‘erimina'
1237 2306 1363 2330 nomen
1396 2295 1544 2336 habent,
1924 2312 1995 2345 (295)

562 2351 707 2393 Quando
741 2351 803 2386 tibi
835 2353 958 2387 nocuit
989 2352 1084 2398 quod
1118 2358 1153 2387 tu
1185 2352 1355 2399 prodesse
1386 2351 1554 2399 putabas,

673 2408 742 2443 Iam
776 2408 914 2443 tandem
946 2408 997 2443 ire
1029 2408 1112 2447 tihi,
1145 2408 1274 2447 Caesar,
1308 2408 1341 2442 in
1373 2420 1467 2443 arma
1497 2408 1597 2445 licet:

563 2465 667 2499 Sume
699 2464 852 2503 animos,
885 2465 1092 2511 veniamque
1123 2475 1230 2511 neg-a:
1262 2476 1344 2499 num
1376 2476 1521 2511 parcere
1551 2465 1604 2501 fas
1635 2472 1690 2502 est

495 2530 542 2555 112
671 2519 736 2562 Qui
768 2521 868 2567 prior
899 2526 934 2555 et
963 2532 1068 2556 causa
1100 2532 1171 2555 non
1202 2520 1358 2567 agitatus
1390 2520 1517 2556 obest?
1923 2535 1993 2568 (300)

564 2577 613 2611 Tu
645 2583 750 2623 caput
781 2588 818 2612 es
850 2587 988 2615 rerum,
1023 2577 1083 2612 tihi
1116 2576 1409 2613 tolztmsubdidit
1441 2577 1562 2613 orbem
1922 2592 1993 2624 (317)

671 2633 828 2668 l'artitus
859 2643 1008 2679 reqmcm
1039 2633 1198 2680 luppiter
1228 2635 1303 2678 ipse
1328 2643 1454 2670 suanm

561 2688 720 2736 luppiter
750 2695 804 2724 est
834 2688 924 2725 coelo
956 2688 1135 2728 summus‚'
1161 2689 1226 2723 secl
1257 2689 1381 2724 Csesar
1410 2691 1445 2724 in
1473 2690 1577 2733 orbe,

497 2754 542 2779 115
671 2745 732 2781 Hic
763 2745 829 2781 sibi
861 2746 1028 2781 mortales
1058 2745 1227 2787 subdidit,
1259 2745 1317 2780 ille
1348 2745 1445 2781 deos.
1921 2759 1991 2792 (320)

562 2800 736 2843 Quantum
767 2808 820 2837 est
852 2814 870 2837 a
900 2802 1014 2849 nigris
1043 2801 1244 2836 Nabathaeis
1276 2801 1405 2837 finibus
1437 2802 1547 2842 Indis,
1921 2816 1990 2849 (321)

670 2857 824 2893 Plicebus
856 2858 915 2893 ubi
947 2857 1092 2894 rutilum
1124 2858 1252 2904 colliyit
1280 2868 1342 2892 axe
1371 2858 1479 2897 diem,

384 2975 427 2995 ³⁰⁰
453 2975 536 3019 Qui]
567 2978 599 3009 ei
626 2979 695 3019 qui.
788 2978 831 2999 ³⁰5
856 2979 1007 3010 Infidum
1033 2989 1141 3009 mare.
1233 2976 1275 2997 ³¹⁴
1305 2978 1348 3009 In
1380 2979 1652 3021 epigrammatis
1684 2979 1820 3011 similia
1843 2980 1990 3023 saepius.

295 3029 338 3050 ³¹⁷
363 3030 419 3062 Cf.
439 3033 550 3074 epigr.
569 3034 598 3065 4.
619 3034 664 3065 ad
681 3035 774 3067 Max.
836 3034 878 3054 ³¹³
903 3036 1065 3077 Iuppiter
1085 3038 1116 3065 3.
1129 3036 1160 3066 4.
1179 3035 1274 3065 etsie
1290 3035 1407 3065 iterum
1423 3045 1456 3065 v.
1476 3045 1550 3077 seq.
1732 3035 1771 3056 ¹¹¹
1797 3036 1939 3068 Summe
1960 3039 1988 3069 1.

299 3086 340 3106 ¹¹⁷
367 3087 492 3119 ‘Eurus
519 3089 563 3120 ad
590 3100 755 3122 auroram
779 3091 957 3123 Nabathae
985 3101 1074 3132 aque
1101 3099 1214 3132 regna
1238 3092 1413 3123 recessit‘.
1448 3090 1538 3123 Ovz'd.
1558 3095 1640 3123 met.
1661 3092 1687 3124 1.
1705 3090 1760 3123 61.
