2081 3517
274 220 423 252 XXIIII

486 221 770 246 EMENDATIONES
789 220 949 244 HVTTENI
968 218 1068 242 MANV
1086 217 1246 239 SCRIPTAE
1263 216 1311 238 AD
1330 216 1439 238 HVIVS
1456 214 1966 237 EDIT.VOL.V.P1·:RT1N1‹:NTES.

274 327 354 359 Vol.
395 338 415 358 a
444 336 559 358 .vers.

291 384 334 414 V.
368 339 389 369 p
418 338 441 414 Ξ
487 388 528 413 10.
547 391 599 422 sq.
646 379 785 411 turbari
815 377 1065 408 uehementius
1096 375 1192 407 haud
1218 375 1281 406 del.
1299 377 1337 405 H.
1363 377 1396 405 et
1421 374 1533 404 adsm‘.
1568 370 1595 413 ls
1627 371 1766 404 turbari
1796 372 1856 403 vix
1887 371 1969 412 (ιζε.

424 549 445 581 5

424 661 444 670 ,-

430 670 439 690 A

405 715 445 746 10

405 771 443 802 ll

406 826 446 857 12

404 2055 446 2087 33

407 2167 449 2200 34

407 2392 450 2424 35

408 2560 452 2593 36

409 2729 450 2761 37

411 2951 453 2984 39

410 3062 454 3094 40

489 500 519 525 31

493 555 523 579 16

490 666 522 691 23

506 722 521 746 S

492 777 523 801 12

491 832 523 857 33

491 887 523 912 ‘24

493 943 523 967 13

489 997 520 1023 34

489 1053 520 1078 24

490 1389 523 1415 34

491 1501 524 1527 35

491 1612 523 1637 33

493 1669 524 1693 15

494 1725 524 1750 16

491 1782 522 1806 20

499 2792 529 2816 11

497 2848 528 2872 21

497 2903 529 2929 33

502 2959 531 2984 19

498 3014 529 3039 24

514 3070 529 3095 3

628 431 851 467 νεῇοωόῑὶηε
874 436 900 463 t.
920 431 968 471 v.)

567 496 644 523 ante
668 492 761 523 votis
785 492 823 518 H.
843 489 953 519 adser.
975 497 993 517 e

569 544 750 589 proderet]
778 548 816 576 H.
837 544 955 574 delevit
981 552 1039 573 ere
1065 547 1098 572 et
1121 552 1293 583 suprascr.
1320 552 1342 572 a
1366 540 1417 582 (ut
1440 542 1484 572 sit
1509 541 1599 582 quod
1621 541 1814 572 coniectura
1837 540 1973 571 adsecu—

631 607 681 633 tus
704 612 789 641 sum,
815 597 958 640 prodat)

569 656 660 698 cum]
689 661 727 688 H.
746 654 888 695 margini
909 654 1021 683 [αἱς-(ἲν.

568 739 575 753 ,
596 723 664 754 quo
690 714 720 742 1.
738 714 776 740 Η.
796 719 884 740 corr.
913 731 920 739 .
940 708 1018 746 Quo

568 772 608 799 ut
632 772 708 799 (mle
735 775 801 807 quo
826 765 938 796 miser.
955 767 993 794 H.

569 824 740 855 Amicitia
766 824 794 852 1.
820 824 859 852 H.
878 830 966 852 corr.
986 831 1007 851 a

568 872 757 925 Magisque
784 879 814 907 1.
840 879 878 907 H.
897 886 986 907 corr.
1006 886 1040 906 m

568 933 762 966 Aduersum
787 934 818 962 1.
836 935 874 966 Η.
893 942 983 964 corr.
1001 941 1018 962 s

568 990 678 1021 Cuius
703 992 732 1022 1.
751 992 788 1020 H.
807 999 898 1020 corr.
919 998 937 1018 c

563 1050 643 1087 post
666 1049 809 1076 motum.
836 1048 874 1078 H.
892 1045 1078 1076 addendum
1103 1044 1216 1076 adscr.
1245 1044 1367 1086 linter·
1401 1043 1562 1084 issimus.
1588 1044 1665 1085 (um
1689 1046 1730 1075 ut
1754 1044 1976 1086 intercipere

628 1102 818 1143 possimus.
828 1102 857 1141 2³)

565 1155 770 1199 Procustes]
796 1167 856 1188 nec
879 1167 969 1188 corr.
987 1160 1025 1187 H.
1044 1167 1118 1187 num
1136 1157 1278 1187 lluttenz'
1293 1160 1442 1197 tempore
1459 1159 1598 1188 alteram
1614 1167 1631 1187 r
1647 1156 1796 1188 solebant
1815 1157 1976 1187 eminere.

566 1224 611 1245 DE
637 1214 697 1244 hoe
723 1224 850 1255 qaoque
875 1215 946 1244 loeo
972 1214 1077 1244 deleo.
1096 1216 1132 1242 H.
1153 1216 1184 1242 et
1210 1222 1255 1243 αι’
1273 1222 1416 1243 HVTTEx
1439 1212 1523 1252 feeit
1548 1223 1710 1243 HVTTENI

564 1265 718 1312 postulat
744 1271 773 1300 1.
799 1272 836 1300 H.
865 1271 984 1301 delevit
1016 1273 1050 1300 el
1080 1269 1263 1309 adscripsit
1296 1268 1486 1308 sustinent,
1519 1269 1583 1299 secl
1610 1272 1677 1299 tum
1706 1269 1768 1299 lzoe
1798 1268 1917 1299 delevit
1948 1271 1982 1298 el

631 1327 766 1357 deoetroe
788 1336 892 1365 murq.
909 1326 1021 1357 adscr.
1038 1324 1230 1366 postulant.

570 1382 705 1413 iucfida
730 1384 760 1412 1.
780 1382 884 1415 deleo.
902 1382 949 1413 H.
968 1385 1001 1412 et
1026 1382 1140 1412 aclscr.
1159 1381 1311 1421 decens,
1339 1385 1403 1412 tum
1427 1381 1488 1412 lzoc
1513 1381 1624 1412 deleto
1650 1381 1762 1411 adscr.
1783 1379 1952 1411 amabilis

568 1437 757 1470 Heluetios
784 1439 813 1468 1.
840 1437 1007 1468 Suieeros
1033 1436 1112 1476 (non
1138 1436 1331 1480 Swiceros)
1357 1448 1446 1470 corr.
1465 1439 1503 1467 H.

570 1498 646 1525 ante
672 1494 767 1525 ferat
790 1497 827 1526 H.
847 1494 959 1524 adser.
977 1503 1041 1534 pro
1067 1503 1104 1524 se

568 1550 781 1591 refrigescat
807 1551 836 1580 1.
857 1550 959 1581 delen.
977 1553 1015 1580 H.
1035 1553 1067 1581 el
1091 1550 1203 1580 adscr.
1230 1550 1382 1580 minuat
1407 1549 1441 1580 se
1468 1548 1548 1589 (non
1572 1548 1771 1590 minuatur)

572 1606 668 1646 (nam
695 1609 724 1637 1.
772 1610 809 1639 H.
824 1607 909 1646 feeit
932 1607 1040 1637 ‘?nam

566 1667 647 1703 post
670 1662 756 1694 boni
778 1667 817 1693 H.
837 1663 950 1695 adscr.
971 1671 1038 1703 quo
1062 1660 1123 1693 uel
1147 1660 1336 1703 parte(ml)
1364 1661 1538 1693 scelerum
1563 1661 1731 1702 redimat,
1753 1660 1758 1701 Ι
1781 1664 1844 1693 aut
1868 1661 1961 1703 quod

570 1719 686 1760 Finge
711 1722 742 1752 1.
767 1719 916 1760 Fingite
941 1729 1030 1750 corr.
1050 1722 1087 1750 H.

570 1773 731 1816 quaeque]
758 1786 822 1807 non
847 1775 926 1815 lzoe,
951 1775 1014 1806 sed
1036 1775 1107 1806 imo
1134 1784 1213 1816 quae
1239 1773 1270 1806 d.
1291 1784 1322 1805 a.
1343 1776 1398 1806 e.?
1422 1775 1533 1807 adscr.
1551 1779 1590 1804 H.

571 1829 618 1872 et]
645 1832 770 1862 delevit
792 1836 830 1863 H.

565 1891 645 1927 post
671 1887 891 1919 confidentia
915 1891 952 1919 H.
972 1889 1087 1919 adscr.
1105 1887 1150 1928 fe}
1179 1885 1324 1927 (videtur
1344 1887 1452 1926 faisse
1478 1886 1648 1925 festinus)

566 1954 633 1984 pro
657 1945 763 1984 primo
789 1945 907 1981 miror,
933 1955 999 1976 nrm
1022 1954 1086 1985 pro
1112 1945 1219 1974 altero
1236 1946 1275 1974 H.
1294 1943 1406 1974 adscr.
1427 1944 1578 1975 mirarer
1604 1944 1740 1985 (Itaque
1758 1944 1984 1975 aduocandum

633 2004 708 2030 erat
731 2000 883 2032 mirarer
907 2005 943 2031 H.
963 2001 1125 2043 speraret
1150 2003 1187 2030 H.

566 2059 645 2095 post
667 2055 824 2087 hominis
849 2067 972 2088 comma
995 2058 1108 2088 adser.
1126 2059 1165 2091 H.

569 2117 646 2152 post
670 2112 782 2143 talem
806 2116 843 2146 H.
861 2114 974 2145 adser.
1005 2113 1044 2153 jis
1071 2113 1140 2150 est,
1169 2113 1203 2153 (ι’.
1222 2123 1250 2145 e.
1270 2111 1388 2154 qualis
1415 2111 1502 2151 est,)

573 2167 768 2211 Helvetiis]
794 2173 831 2202 H.
850 2179 940 2202 corr.
973 2169 1116 2209 :nicei-is
1143 2168 1334 2210 (Suieeris)

511 2230 536 2254 7.
556 2233 608 2265 sq.
636 2229 716 2265 post
748 2225 794 2256 sit
818 2230 855 2258 H.
873 2226 906 2256 in
930 2225 990 2264 inf.
1016 2236 1119 2266 marg.
1147 2226 1335 2256 addendam
1368 2225 1552 2265 adscripsit
1582 2223 1710 2255 Talem
1745 2225 1874 2256 accuso
1906 2224 1986 2265 (non

638 2280 780 2321 auerso>
805 2279 960 2313 homine.
994 2281 1087 2321 Quid
1111 2282 1292 2313 hominem
1318 2281 1413 2312 dixi?
1440 2280 1568 2312 Talem
1593 2281 1739 2322 inquam
1766 2291 1899 2313 accuso
1923 2281 1984 2313 be-

637 2336 753 2367 stiam.
779 2337 834 2368 Ex
859 2347 935 2369 mor
959 2347 998 2371 2t.

574 2391 632 2434 ae]
657 2396 693 2423 H.
712 2403 801 2426 corr.
823 2397 858 2425 et

576 2459 619 2480 ac
645 2448 830 2480 affinitate
857 2451 888 2480 1.
915 2451 1017 2484 deleo.
1034 2454 1072 2482 H.
1093 2455 1124 2482 et
1148 2452 1262 2482 adscr.
1289 2449 1312 2493 {t
1338 2450 1403 2491 (et)
1431 2449 1650 2491 cognatione

576 2505 732 2548 Suieere}
762 2504 962 2547 (Snieeros)
987 2518 1077 2538 corr.
1097 2511 1134 2537 H.

574 2562 733 2593 Maiores
759 2565 788 2593 1.
816 2565 853 2592 Η.
871 2573 961 2594 corr.
990 2573 1023 2594 m
1054 2568 1119 2595 tum
1141 2567 1220 2605 post
1251 2563 1355 2605 plura
1380 2563 1492 2593 adscr.
1521 2560 1663 2603 {leriora
1696 2560 1734 2602 (ii
1755 2573 1800 2590 Ξ
1823 2562 1882 2594 vel
1907 2562 1984 2604 pul-

637 2618 768 2659 eriora)

574 2672 626 2715 se]
653 2674 725 2705 sese
750 2685 840 2707 corr.
858 2679 898 2709 H.

573 2729 798 2762 Marehionis
824 2731 903 2772 (non
927 2736 1004 2773 post
1027 2742 1187 2763 ALBERTI
1211 2733 1290 2772 sed)
1311 2737 1393 2773 post
1418 2731 1589 2763 Casimiri
1614 2733 1718 2765 delen.
1738 2734 1774 2761 H.

577 2785 766 2828 episcopm*
789 2790 820 2819 1.
846 2793 884 2819 H.
904 2789 1015 2820 adscr.
1035 2799 1054 2820 o

570 2846 651 2882 post
675 2841 719 2874 sit
742 2846 779 2873 H.
799 2846 911 2876 adscr.
932 2844 994 2885 alij
1023 2845 1129 2876 aliter
1156 2842 1476 2887 {(d})evorauerint.

573 2908 637 2938 pro
663 2909 706 2930 ae
731 2910 828 2932 cons.
857 2904 892 2932 et
916 2905 953 2933 H.
968 2901 1051 2941 feeit
1077 2904 1113 2932 et
1139 2911 1237 2932 cons.
1257 2910 1301 2932 ac

577 2952 696 2994 vobis]
720 2955 824 2987 uobis
847 2959 931 2988 Satis
956 2962 1074 2998 aperte
1098 2957 1198 2988 habet
1222 2961 1259 2987 H.
1278 2966 1403 2987 manus.

575 3008 740 3051 bestiam]
766 3011 876 3044 belua:
899 3013 977 3052 (non
1002 3012 1174 3053 belluam)
1200 3023 1290 3044 corr.
1308 3016 1345 3042 H.

575 3074 639 3095 nos
665 3065 767 3097 delen.
786 3070 824 3100 Η,
