2081 3517
281 214 378 260 468
426 232 544 256 EPIST.
558 230 742 254 VDELONIS
761 228 899 252 CYMBBI
918 225 1050 250 CVSANI
1067 225 1113 246 DE
1126 223 1255 246 EXVST.
1266 220 1586 244 LIBROR.LVTHEBI
1603 220 1649 241 ET
1664 219 1799 242 CHVNR.
1811 218 1985 241 SARCTOR.

619 407 664 433 IN
689 401 982 432 PORTENTOSVM
1003 399 1164 426 ROMANI
1179 397 1403 425 PONTIFICIS
1421 397 1655 424 MIMSTRVM

520 457 596 485 SVB
625 455 742 482 OVINO
767 451 950 479 TEGMJNE
971 448 1281 476 RAPACISSIMVM
1301 448 1442 474 LVPVM
1465 447 1756 475 OCCVLTANTEM

771 505 1061 544 HIERONYM
1069 504 1143 540 VM
1168 504 1410 539 ALEANDR
1422 503 1497 539 VM

588 574 817 613 MARTINI
845 574 874 608 L
887 571 1086 608 VTHERI
1115 570 1144 614 Q
1157 569 1322 606 VIDAM
1348 569 1526 605 DISCIP
1535 569 1595 604 VL
1609 568 1676 604 VS.

547 670 603 703 An
634 676 705 700 non
736 665 772 698 in
796 662 886 709 fatis
915 661 982 696 hoc
1012 670 1090 696 esse
1118 660 1298 704 videmus‘,
1329 664 1367 695 ut
1396 669 1510 706 usque

661 719 912 756 Christicolum
939 717 1115 763 populum
1142 718 1264 762 turpis
1293 717 1421 762 Apella
1444 718 1621 762 premat?

545 780 600 814 An
631 787 702 811 non
727 784 861 821 verpus
888 776 988 817 erat,
1019 784 1088 820 quo
1116 772 1241 819 fretus
1269 771 1386 807 Iulius
1412 773 1493 807 olim

511 848 526 872 4
658 832 778 878 Impia
809 834 862 865 tot
890 839 995 875 reyes
1023 831 1129 865 movit
1160 829 1211 863 ad
1235 839 1342 863 arma
1366 830 1476 874 pios?

544 892 600 926 An
627 899 699 924 non
725 896 859 932 verpus
889 889 991 929 erat,
1021 885 1117 920 Iuda
1146 885 1362 920 sceleratior
1391 885 1488 930 ipso,

655 944 730 980 Per
760 952 864 989 quem
895 944 1095 987 tempestas
1124 942 1238 976 saeviit
1269 939 1562 975 Hoclzstratica?

544 1003 652 1037 Nune
680 999 864 1035 Aleander
891 998 1008 1041 adest,
1039 998 1208 1032 recutita?
1236 997 1354 1042 9loria
1382 997 1520 1042 gentis,

511 1074 525 1094 3
659 1056 900 1101 Intentatque
929 1055 1016 1090 viris
1044 1054 1163 1088 omnia
1194 1052 1276 1087 dira
1299 1052 1448 1097 probis.-

546 1114 642 1149 Eece
667 1115 815 1147 armata
849 1112 944 1145 venit
968 1111 1068 1155 fietis
1098 1111 1204 1156 niqra
1237 1108 1352 1143 bellua
1385 1108 1488 1143 bullis

657 1170 707 1204 Et
737 1177 834 1203 ovem
858 1167 1036 1201 simulans
1064 1165 1203 1201 hostica
1230 1168 1364 1199 cuncta
1382 1167 1525 1210 purat,

547 1227 688 1261 Exurit
717 1224 848 1266 libros,
880 1224 994 1268 mayis
1023 1221 1236 1257 eoeurendus
1267 1225 1307 1256 at
1330 1222 1426 1266 ipse,

497 1294 527 1318 12
660 1281 701 1316 Si
722 1283 874 1325 caperet
899 1279 1017 1325 factis
1039 1280 1199 1324 praemia
1231 1277 1338 1324 diyna
1366 1279 1454 1311 suis.

545 1337 627 1372 Hoc
651 1339 854 1372 monstrum
885 1335 1009 1370 Caroli
1035 1336 1133 1380 reyis
1163 1344 1202 1369 se
1229 1334 1341 1368 trusit
1372 1334 1407 1367 in
1432 1333 1554 1367 aulam

659 1394 872 1428 Funestam
896 1391 1012 1437 furiis
1040 1392 1160 1425 omnia
1191 1391 1275 1425 loeta
1303 1390 1419 1424 malis,

546 1449 633 1496 Ipse
662 1450 745 1484 licet
767 1458 876 1483 sacro
903 1449 1021 1494 finyat
1051 1457 1090 1482 se
1116 1446 1224 1493 sonte
1249 1449 1440 1488 renatum,

497 1517 527 1543 1ss
661 1506 831 1540 Attamen
862 1505 1025 1550 aynoscit
1051 1513 1140 1549 qens
1170 1504 1329 1538 recutita
1353 1512 1477 1543 suum,

547 1563 720 1608 Agnoscit
751 1571 901 1606 verpum
932 1562 1095 1606 strepitu
1122 1569 1191 1594 sua
1221 1559 1330 1596 verba
1359 1561 1572 1599 sonantem,

660 1618 832 1663 Agnoscit
864 1617 1020 1659 vultum,
1050 1616 1247 1651 mentulam
1278 1618 1312 1650 et
1341 1615 1543 1660 ingenitium

547 1673 771 1720 Quaczmque
800 1674 979 1718 aspicias,
1011 1671 1177 1708 Iudaeum
1208 1675 1341 1706 cuncta
1374 1671 1592 1716 loquuntur,

496 1742 529 1766 20
664 1730 810 1771 Sermo,
837 1729 949 1774 fides⁷
980 1738 1117 1772 mores,
1147 1738 1204 1771 os,
1237 1728 1355 1770 color,
1390 1728 1467 1772 ipse
1490 1725 1648 1760 habitus.

548 1786 641 1830 Quot
673 1789 838 1820 monstra
868 1785 927 1819 hic
957 1785 1116 1819 Lernam
1147 1784 1307 1829 conflata
1339 1783 1498 1819 videmus
1528 1783 1563 1816 iu
1594 1792 1726 1823 uriam,

660 1841 742 1877 Sive
770 1840 908 1876 Midam
936 1844 1099 1886 spectes,
1130 1842 1203 1877 sive
1237 1839 1428 1874 lerasona
1455 1839 1597 1885 magis?

546 1899 616 1934 Est
648 1897 811 1936 Gnatho,
842 1908 922 1932 cum
951 1897 1074 1931 libuit:
1102 1907 1175 1931 non
1204 1895 1271 1931 hoc
1297 1895 1479 1941 furiosior
1507 1896 1628 1932 Aiax,-

495 1966 527 1990 24
665 1953 772 1999 Scepe
800 1955 910 1988 etiam
937 1953 1061 1999 faedus
1090 1952 1376 1997 Sardanapalus
1407 1952 1491 1985 erit.

548 2012 693 2048 Caetera
724 2021 795 2045 non
826 2009 1012 2056 referam,
1044 2009 1172 2055 quibas
1199 2010 1315 2054 ipsum
1348 2007 1651 2052 Sardanapalum

659 2067 879 2112 Exuperat:
910 2066 998 2111 quid
1027 2067 1119 2100 enim
1146 2070 1233 2100 nola
1259 2063 1407 2110 referre
1432 2065 1559 2099 iuvat?

547 2123 627 2158 Non
657 2123 765 2157 habet
790 2122 847 2157 laic
872 2123 994 2157 oculos
1021 2123 1190 2168 qenerosi
1212 2122 1397 2166 principis
1425 2121 1538 2155 aula?

495 2191 527 2215 2³
666 2179 745 2213 Non
779 2178 888 2213 habet
916 2178 974 2213 hic
1001 2178 1135 2224 forteis
1168 2178 1200 2212 T
1199 2182 1331 2213 eulomc
1360 2176 1468 2211 turba
1498 2178 1653 2211 munus?

549 2236 674 2271 Huius
702 2237 918 2281 progenitor
944 2236 1096 2280 triyinta
1119 2234 1247 2279 prodit
1280 2232 1402 2268 Iesum

663 2293 842 2337 Numinis,
873 2293 931 2327 liic
958 2294 1057 2328 ultro
1082 2293 1245 2338 prodere
1272 2303 1344 2327 non
1375 2291 1529 2326 dubitat.

1081 2364 1197 2391 FINIS.

364 2470 503 2501 Praeter
521 2469 687 2511 exempla
704 2472 733 2501 1.
747 2474 782 2503 G.
794 2473 825 2501 et
840 2469 949 2500 2.hoc
969 2479 1116 2500 carmen
1133 2468 1245 2499 habet
1260 2468 1372 2499 etiam
1384 2467 1690 2509 Wittebergensis
1701 2465 1909 2508 Opp.Luth.
1922 2465 1995 2497 edi-

281 2525 343 2565 tio⁷
365 2528 448 2557 tom.
467 2526 513 2556 II.
534 2525 597 2556 fol.
616 2523 689 2557 35¹³.
708 2535 759 2567 sq.
781 2536 823 2557 ex
841 2528 871 2556 1.
891 2526 1099 2566 repetitum.
1125 2525 1278 2556 lenense
1298 2523 1406 2555 Luth.
1427 2523 1517 2565 Opp.
1540 2522 1741 2564 exemplum
1761 2532 1907 2553 carmen
1924 2531 1995 2552 non

281 2581 434 2622 recepit.
507 2592 540 2613 v.
559 2580 606 2623 4.]
627 2582 793 2613 sincerus
812 2581 959 2622 quidam
977 2583 1009 2612 2.
1074 2578 1083 2599 ¹
1111 2580 1197 2611 fatis
1216 2590 1287 2611 non
1307 2590 1384 2611 esse
1405 2582 1436 2611 2.
1501 2578 1514 2598 ²
1538 2578 1668 2620 Apella
1695 2577 1732 2619 (i.
1753 2589 1783 2609 e.
1802 2578 1881 2609 sine
1906 2587 1996 2619 prae-

281 2637 396 2677 putio)
424 2638 528 2678 quasi
552 2639 697 2679 poetica
723 2638 981 2678 cuiuscumque
998 2636 1112 2667 Iudaei
1139 2635 1385 2677 adpellatione
1404 2639 1480 2667 tum
1498 2635 1704 2666 utebantur.
1778 2633 1790 2653 ³
1814 2633 1929 2665 Iulius
1946 2633 1994 2664 ΙΙ.

283 2691 458 2723 Similiter
482 2693 560 2734 ipse
579 2694 758 2725 Lutherus
783 2694 820 2724 in
837 2693 916 2724 Act.
938 2693 1040 2725 acad.
1059 2693 1197 2724 Lovan.
1218 2692 1339 2731 (Luth.
1359 2692 1452 2733 Opp.
1473 2691 1529 2723 ed.
1547 2691 1763 2731 lVstteberg.
1782 2693 1867 2722 tom.
1886 2690 1913 2720 I.
1933 2689 1995 2720 fol.

283 2747 352 2779 35³.
373 2749 449 2780 sive
477 2749 531 2780 ed.
550 2749 627 2780 Ien.
648 2748 740 2790 Opp.
759 2749 842 2780 Lat.
864 2753 948 2780 tom.
968 2749 996 2779 Ι.
1017 2748 1079 2780 fol.
1098 2747 1207 2788 497³.)
1235 2749 1328 2787 „Est
1353 2748 1420 2779 hoc
1447 2748 1484 2779 in
1511 2747 1617 2783 fatis,
1644 2750 1683 2778 ut
1709 2745 1908 2777 Christiani
1932 2756 1995 2787 pa-

284 2805 422 2835 tiantur
455 2815 475 2836 a
500 2805 644 2836 Iudaeis.
685 2806 739 2837 sic
763 2805 907 2836 Iudaeus
941 2805 1113 2836 incitavit
1138 2804 1267 2835 Iulium
1298 2803 1507 2845 pontificem
1541 2804 1578 2833 in
1611 2803 1761 2833 exitium
1794 2802 1908 2840 orbis,
1943 2801 1995 2832 sic

283 2859 513 2891 Pfefferkorn
548 2860 709 2892 Coloniae
741 2861 902 2892 turbavit
935 2861 1057 2892 orbem
1090 2860 1353 2899 Christianum,
1395 2860 1448 2891 sie
1480 2869 1574 2890 nunc
1606 2859 1789 2890 Aleander
1821 2861 1997 2899 cognatus

284 2915 380 2945 Iudae
412 2916 527 2947 vincit
560 2927 642 2948 suos
676 2918 851 2956 maiores,
886 2916 946 2949 vel
978 2917 1021 2948 ob
1053 2920 1128 2948 tres
1161 2916 1351 2948 drachmas
1377 2915 1582 2957 proditurus
1607 2925 1681 2946 rem
1707 2913 1995 2954 evangelicam''.

285 2970 297 2988 ⁹
324 2970 431 3002 belua
451 2974 482 3002 2.
502 2971 628 3011 (altera
644 2972 656 3003 l
675 2977 762 3004 inter
787 2973 889 3005 verba
914 2973 1035 3004 omnia
1053 2977 1086 3004 et
1111 2972 1189 3003 dira
1213 2973 1401 3013 superioris
1417 2981 1532 3003 versus
1549 2970 1704 3012 effugiit).
1777 2969 1804 2988 ¹⁰
1830 2969 1946 3001 civem
1966 2970 1995 3000 1.

289 3025 382 3056 Corr‘.
403 3027 498 3058 Ecce
524 3038 550 3059 s.
569 3028 686 3069 Atque
713 3038 816 3059 ouem
842 3029 920 3060 sim.
993 3028 1021 3048 ¹⁷
1046 3038 1176 3069 verpus
1202 3028 1392 3069 strepitum
1412 3030 1442 3058 1.
1468 3038 1578 3069 verpo
1605 3026 1760 3068 strepitu
1777 3027 1810 3056 2.
1875 3023 1903 3044 ²⁷
1928 3024 1996 3055 Ca—

286 3080 355 3111 roli
379 3081 421 3112 V.
492 3081 519 3101 ²*
547 3083 659 3114 fortes
684 3083 876 3115 Theutona
902 3086 936 3114 2.
1005 3083 1033 3102 ²⁹
1059 3084 1181 3115 Iudas.
1252 3085 1321 3115 Pro
1347 3085 1408 3115 lzoe
1433 3084 1590 3115 vocabulo
1616 3084 1649 3114 in
1673 3084 1706 3114 2.
1725 3086 1794 3113 est:
1819 3081 1997 3112 Numerus
