2081 3517
80 224 239 245 HVTTENI
255 224 301 244 AD
316 223 401 244 CAES.
414 223 692 244 MAXIMILIANVM
707 225 752 245 ΥΤ
767 224 914 245 BELLVM
929 224 965 245 IN
981 224 1145 245 VENETOS
1161 223 1314 249 PROSEQ.
1327 223 1653 248 EXHORTATORIVM.
1691 215 1784 260 145

348 324 431 362 Non
465 324 599 373 fugere
632 330 688 363 est
720 326 839 375 siquis
870 324 1011 364 lentam
1044 330 1247 364 cunctatur
1279 326 1324 364 ad
1357 327 1473 363 iram:

460 391 593 429 Nescis
624 404 698 442 qua
730 393 865 430 deceat
895 393 969 431 hoc
999 405 1096 443 opus
1126 397 1209 431 arte
1240 393 1342 442 geri:

347 457 421 495 Tot
451 459 598 496 circum
630 471 742 497 casus
772 467 908 508 pensat
939 459 1035 497 lovis
1066 460 1145 498 ales
1175 460 1222 498 ab
1255 460 1349 504 alto,

280 537 330 562 504
458 525 552 563 Cum
585 525 702 569 volet,
735 526 911 574 ingentes
942 527 1092 565 conciet
1121 526 1183 565 illa
1214 532 1361 570 metus;

350 592 459 641 Saepe
491 592 646 642 quidem
678 603 842 642 pennas,
877 592 942 630 sed
975 605 1053 630 non
1084 606 1156 644 pro
1187 593 1331 631 viribus
1361 594 1453 643 ipsis

462 658 599 696 Pandit
629 663 666 696 et
697 660 869 697 excussis
901 659 1097 708 unguibus
1128 659 1252 710 ampla
1285 666 1408 710 patet,

351 724 425 763 Sed
457 736 532 762 non
566 729 643 763 tota
674 726 752 763 ruit
783 738 1053 776 summamque
1086 729 1238 776 exurgit
1268 729 1304 766 in
1338 729 1454 773 iram,

282 804 332 829 508
463 791 629 830 Omnino
661 792 762 830 vires
792 795 1121 844 prosequiturque
1152 806 1252 833 suaS.

350 859 546 897 Hactenus
576 859 659 897 haec
690 859 853 909 populos
883 862 1081 910 suspensis
1111 862 1249 899 terruit
1279 862 1366 907 aiis,

464 926 631 964 Vindicis
663 926 819 964 hostiles
850 927 1094 965 admonitura
1127 929 1297 966 animos:

354 993 450 1032 Dum
483 1000 610 1031 tamen
641 1005 709 1031 ora
740 993 872 1032 furens
904 1007 947 1032 ex
981 1006 1095 1032 causa
1128 995 1293 1033 armabit
1325 1002 1361 1035 et
1392 1010 1561 1048 ungueS,

283 1073 332 1098 512
461 1060 559 1099 Dum
591 1066 678 1098 ruet
708 1066 745 1099 et
775 1061 860 1098 totis
893 1061 1039 1099 viribus
1070 1074 1176 1099 arma
1206 1068 1336 1111 geret,

351 1127 461 1165 Tunc
492 1140 618 1178 neque
649 1127 780 1166 Gallus
812 1140 930 1166 ovans
961 1142 1051 1167 casu
1084 1135 1299 1180 eventuque
1330 1133 1523 1177 secundo,

465 1193 705 1244 Quocunque
738 1195 812 1233 hoc
843 1196 905 1233 fiat
936 1201 1132 1246 tempore,
1165 1197 1288 1234 maior
1319 1200 1411 1242 e1·it;

354 1261 432 1299 Nec
463 1260 563 1299 bene
595 1274 657 1299 res
689 1261 876 1300 Venettun
908 1268 1053 1300 tantam
1085 1262 1270 1301 subsistet
1300 1265 1346 1302 ad
1378 1266 1495 1311 iram,

284 1341 332 1366 516
461 1327 605 1366 Viderit
637 1328 801 1366 Adriaco
834 1329 993 1366 fulmina
1026 1330 1122 1367 iacta
1154 1329 1246 1367 salo.

350 1395 406 1433 Ah
438 1400 547 1444 potes
578 1395 801 1438 arbitrium,
835 1407 968 1433 rerum
1000 1396 1243 1440 moderator,
1275 1398 1449 1447 iniquum

462 1462 594 1512 Deque
626 1463 700 1500 tuis
732 1462 843 1500 factis
874 1463 1108 1513 ingenioque
1138 1464 1242 1512 pati?

350 1610 426 1653 Quo
457 1615 489 1644 le
515 1611 594 1645 iure
625 1611 721 1656 loqui
742 1610 905 1656 fatebere
935 1611 1042 1653 talia,
1075 1611 1238 1653 demens,

462 1666 548 1709 Quis
579 1667 641 1701 (lat
666 1668 702 1701 in
732 1667 922 1701 arbitrium
951 1668 1051 1712 reglis!
1078 1667 1183 1713 sacta
1213 1671 1338 1702 tuum?

353 1723 384 1758 T
383 1733 448 1757 ene
469 1723 569 1757 decet
599 1733 820 1769 magnosque
849 1723 959 1757 (luces
983 1732 1156 1768 reyesque
1181 1723 1375 1769 superbos,

281 1791 330 1815 244
458 1779 542 1814 Vilis
574 1779 700 1818 homo,
734 1781 854 1825 linqua
884 1784 1151 1814 contemeranle
1179 1781 1276 1825 loqui
1285 1783 1302 1814 Β
1721 1795 1793 1828 (500)

347 1836 423 1871 Non
456 1837 580 1882 fugere
612 1841 667 1870 est
698 1836 727 1870 si
760 1835 838 1881 quis
870 1834 1001 1870 lentam
1032 1841 1222 1870 cunctatur
1253 1835 1293 1870 ad
1325 1836 1430 1877 iram,

462 1892 541 1926 Non
573 1892 641 1927 scis
674 1903 741 1938 qua
771 1891 893 1926 deceat
924 1891 992 1926 hoc
1025 1903 1115 1938 opus
1146 1897 1221 1926 arte
1253 1892 1349 1938 geri:
1716 1906 1791 1940 (502)

348 1948 445 1983 Diem
474 1948 574 1982 sedet
602 1953 634 1981 el
669 1948 818 1982 Venetos
847 1952 986 1992 spectat
1008 1949 1198 1992 pacienter
1230 1949 1280 1981 acl
1306 1959 1443 1993 ausus,

281 2015 331 2041 248
460 2004 539 2038 Non
566 2006 636 2038 scis
665 2014 746 2050 quse
776 2004 879 2037 cordi
907 2003 1172 2038 lilmcmilz‘cmus
1202 2009 1303 2049 aqut.-

349 2062 416 2097 Tot
447 2060 580 2096 circum
610 2072 714 2095 casus
746 2065 873 2107 pensat
903 2059 994 2094 lovis
1026 2059 1098 2094 ales
1130 2059 1173 2095 ab
1204 2059 1298 2099 alto,
1716 2074 1791 2106 (503)

460 2118 555 2152 Dum
586 2116 698 2155 volet,
731 2116 895 2162 ingentes
928 2115 1048 2150 efficiet
1080 2114 1139 2150 illa
1170 2121 1305 2154 metus,

349 2174 450 2221 Siepe
482 2173 623 2220 quidem
655 2184 807 2219 pennas,
842 2171 902 2205 sed
934 2182 1005 2206 non
1036 2183 1102 2218 pro
1135 2171 1270 2206 virilius
1303 2172 1389 2218 ipsis

280 2240 329 2264 252
456 2229 582 2265 Pandit
613 2234 648 2263 et
679 2230 867 2274 easspressi's
898 2226 1081 2273 unguibus
1112 2227 1226 2274 ampla
1258 2233 1379 2274 patet,
1718 2240 1791 2273 (508)

349 2285 415 2320 Sed
446 2297 520 2320 non
553 2290 627 2319 tota
659 2285 730 2319 ruit
760 2293 1042 2329 supremamque
1072 2284 1180 2317 audet
1210 2284 1244 2318 in
1277 2285 1384 2322 iram,

461 2341 613 2376 Omnino
644 2341 736 2375 vires
768 2340 1073 2387 prosequiturque
1105 2351 1198 2374 suas.

348 2397 526 2433 Hactenus
558 2397 634 2432 haec
664 2396 819 2444 populos
851 2393 1028 2441 expansis
1061 2396 1189 2430 terruit
1221 2395 1306 2435 alis,

279 2464 329 2489 256
456 2453 609 2488 Vindicis
641 2453 792 2488 hostiles
823 2452 1050 2487 admonitura
1081 2462 1229 2486 mcmus:
1717 2464 1791 2495 (510)

347 2509 434 2545 Dum
465 2515 582 2545 tamen
615 2520 676 2544 ora
708 2509 827 2554 biceps
857 2513 1030 2543 commota
1061 2508 1213 2543 armabit
1244 2513 1279 2542 et
1309 2519 1467 2554 ungues,

461 2566 547 2600 Dum
578 2570 659 2600 ruet
690 2570 725 2600 et
756 2565 843 2600 totis
873 2564 1009 2599 viribus
1040 2576 1136 2599 arma
1168 2570 1289 2611 geret,

349 2622 446 2656 Tunc
477 2632 592 2668 neque
624 2621 744 2656 Gallus
777 2632 883 2656 ovans
913 2626 1012 2656 sorte
1041 2626 1241 2666 eventuque
1274 2620 1448 2658 secundo,

280 2688 329 2713 260
457 2676 677 2724 Quocunque
708 2678 777 2712 hoc
807 2676 867 2712 fiet
899 2682 1077 2724 tempore,
1110 2678 1224 2711 maior
1254 2676 1341 2714 erit;
1714 2685 1788 2718 (514)

350 2733 429 2768 Non
460 2732 549 2768 bene
580 2744 637 2768 res
667 2733 839 2768 Venetum
864 2737 999 2768 tantum
1032 2732 1205 2768 subsistet
1236 2732 1276 2766 ad
1308 2732 1458 2772 hostem,

461 2789 595 2824 Viderit
624 2789 776 2824 Adriaco
807 2789 957 2825 fulmina
988 2790 1078 2824 iacta
1108 2790 1212 2822 mari.

349 2845 402 2880 Ah
433 2851 536 2892 potes
569 2844 773 2884 arbitrium,
807 2856 926 2880 rerum
957 2845 1181 2883 moderator,
1214 2843 1374 2890 iniquum

282 2912 331 2936 264
459 2902 578 2948 Deque
610 2901 680 2936 tuis
710 2901 813 2936 sactis
844 2901 1061 2948 ingenioque
1092 2900 1190 2947 pati?
1717 2908 1789 2940 (515)

171 3031 213 3051 5¹⁷
238 3037 338 3074 petes
366 3034 395 3064 1.
466 3042 582 3062 reruni
611 3030 826 3072 moder-ator]
855 3031 975 3062 mundi
1002 3031 1207 3071 imperator.

170 3086 213 3107 ²5⁰
239 3087 298 3119 ille
328 3091 356 3119 1.
382 3089 445 3118 sed
468 3089 499 3118 ῖη
523 3098 596 3128 sqq.
617 3092 647 3117 et
675 3089 704 3118 in
732 3090 762 3118 2.
779 3088 938 3126 feminina
963 3090 1012 3116 est
1040 3086 1129 3116 ales.
1201 3083 1244 3104 ²55
1269 3083 1421 3125 populus
1449 3086 1478 3115 1.
1548 3084 1657 3115 ‘ceruit
1684 3086 1712 3114 1.

159 3144 329 3175 HVTTENI
356 3144 444 3175 OPP.
478 3153 561 3175 vor„
588 3143 652 3174 ΙΙΙ.
1451 3141 1498 3178 10
