2081 3517
259 197 352 243 198
429 217 476 239 AD
493 217 704 240 ELECTORES
724 218 945 245 RELIQVOSQ.
965 217 1219 240 GERMANORVM
1236 209 1432 240 PRINCIPES
1450 217 1596 240 CARm-:N
1613 218 1772 242 EXHOBT.

517 323 567 359 Et
589 323 737 369 fractas
762 322 920 368 aquilas,
948 321 1060 366 plena
1087 331 1237 368 [equora
1266 324 1501 368 transtraque
1524 324 1635 359 vestri

520 379 736 426 Sanquinis,
762 382 795 413 et
833 377 961 430 Veneto
984 376 1193 422 praebentes
1222 382 1323 424 terqa
1354 377 1507 421 Suevos,

519 436 772 481 Captivumque
799 434 936 468 ducem.
998 433 1031 467 T
1030 433 1160 468 umidae
1186 444 1205 468 o
1230 435 1402 469 iactantia
1428 435 1563 481 qentis!

520 492 608 527 Tale
631 501 697 525 nec
723 491 841 525 erexit
864 493 1036 534 superato
1069 488 1211 525 Grcecia
1238 490 1387 534 Xeroee,

454 559 501 584 16‘)
523 548 599 583 Nec
631 548 755 582 totiens
780 546 872 580 victa
903 545 1121 592 Carthaqine
1144 546 1265 581 Roma
1287 546 1505 591 trophceum:

518 603 575 638 An
603 603 674 637 nisi
700 601 869 636 invidiam
898 600 1074 637 Germani
1097 603 1278 645 culminis,
1308 603 1446 648 inqens.

518 659 684 695 Dedecus
714 659 751 692 in
779 661 934 693 vestrum
959 659 1038 704 quis
1065 659 1152 704 talia
1171 660 1362 704 pinxerit?
1392 659 1468 701 Ite,

517 714 593 758 Ite,
623 715 708 756 viri,
740 715 898 760 antiquae
926 715 960 748 si
986 724 1047 749 vos
1075 716 1212 750 virtutis
1237 716 1352 761 imaqo

524 771 604 806 Ulla
628 773 758 812 movet,
789 771 823 805 sz'
847 771 959 817 tangit
983 769 1111 815 honos,
1140 772 1174 805 si
1192 772 1309 817 qloria
1335 772 1438 816 parti

453 836 502 862 165
522 826 694 872 Imperii!
723 836 795 860 non
822 827 890 861 ista
918 828 1025 873 qravi
1051 827 1107 862 vel
1135 827 1237 862 clade
1265 828 1321 862 vel
1348 828 1482 870 armis,

519 884 640 918 Gentis
670 885 709 916 at
735 884 909 918 extremis
936 884 1096 918 inimicaev
1116 882 1251 918 abolete
1275 884 1408 926 ruinis,

518 939 583 975 Cui
610 948 726 985 neque
751 943 808 974 sat
831 939 926 975 vobis
953 949 992 974 se
1016 939 1198 985 infensam
1222 940 1410 974 ostendere
1438 939 1542 973 inani

517 995 713 1030 Ambitione
734 994 822 1041 fuit,
846 996 1028 1042 petulanti
1056 1000 1086 1030 et
1114 995 1247 1030 laedere
1276 996 1398 1041 linqua

520 1051 696 1098 Scepeque
725 1061 791 1086 ceu
821 1053 930 1087 victos
955 1051 1193 1087 mendacibus
1223 1052 1360 1086 addere
1382 1050 1510 1098 fastis,

453 1117 501 1144 170
524 1107 598 1143 Sed
620 1117 824 1154 proqressa
852 1109 932 1143 suis-
949 1109 1131 1154 paulatim
1163 1111 1281 1143 astuta
1311 1108 1451 1143 lacunis

518 1164 687 1208 Consilio,
717 1168 815 1206 arte,
847 1164 936 1199 dolis
966 1168 999 1199 et
1015 1165 1219 1212 proditione
1247 1165 1304 1200 vel
1331 1175 1424 1199 auro

516 1220 681 1266 Dempsil
707 1220 752 1255 ab
779 1222 927 1267 imperio
956 1222 1037 1256 loca
1068 1225 1115 1256 tot
1135 1221 1282 1266 potiora
1311 1220 1375 1255 sub
1404 1221 1492 1265 ipsis

516 1276 666 1323 Alpibus
691 1277 832 1321 Italice,
859 1281 966 1323 atque
993 1277 1154 1312 adeundi
1180 1277 1324 1323 reqibus
1352 1277 1449 1311 illam

516 1332 726 1368 Interclusit
752 1335 840 1372 iter,·
868 1335 1086 1380 sceclumque
1115 1334 1308 1369 revolvitur
1338 1342 1386 1367 εκ
1415 1344 1482 1378 quo

451 1400 499 1426 175
520 1390 679 1424 Exiliale
709 1391 829 1436 iuqum
856 1391 1046 1436 patiuntur
1077 1394 1109 1425 et
1137 1390 1270 1435 oppida
1300 1390 1460 1424 clamant

516 1446 655 1481 Pressa
685 1446 814 1489 ‘Veni,
845 1445 988 1490 Caesar,
1015 1450 1075 1482 tua
1100 1447 1171 1481 iam
1198 1446 1259 1481 tibi
1285 1446 1444 1481 vendicet
1468 1446 1564 1480 ensis
1574 1444 1595 1480 l'

517 1501 658 1537 Siccine
687 1503 852 1538 colluvies
879 1502 1060 1538 hominum
1079 1504 1292 1549 piperisque
1319 1502 1524 1550 redemptor

519 1557 716 1602 Sordidus,
748 1559 946 1606 omniqencc
974 1560 1027 1594 sic
1054 1560 1175 1595 navita
1205 1560 1351 1601 mercis,
1384 1568 1520 1593 avarus

518 1614 671 1650 Institor
701 1616 908 1662 enormique
937 1617 1102 1651 marinus
1129 1618 1272 1662 quiture
1300 1624 1445 1661 merqus

454 1682 500 1707 180
521 1671 700 1707 Nobilium
724 1676 897 1719 reqnator
927 1673 1020 1707 erit?
1050 1671 1289 1707 dominabitur
1317 1681 1403 1717 erqo

517 1728 686 1774 Deqener
713 1733 819 1775 atque
844 1730 942 1764 omni
965 1729 1087 1764 solitus
1110 1728 1249 1764 servire
1272 1728 1427 1763 lucello?

521 1784 603 1819 Non
633 1784 720 1820 bene
751 1786 966 1821 conveniunt
995 1786 1072 1820 vilis
1101 1789 1282 1822 mercator
1313 1788 1347 1819 et
1374 1783 1466 1818 idem

520 1841 656 1876 Nobilis
679 1846 711 1876 et
736 1843 922 1888 princeps.
982 1840 1083 1876 Prolz
1117 1841 1253 1875 lumina
1283 1850 1382 1875 cceca
1409 1844 1611 1885 potentum!

520 1897 650 1932 Nonne
676 1897 812 1941 vident,
843 1899 1003 1933 animum
1024 1908 1092 1943 quo
1123 1897 1257 1943 diriqat
1284 1897 1347 1931 illa
1378 1896 1574 1942 maliqnum

454 1963 499 1988 155
521 1953 659 1989 Callida
685 1964 791 2000 qens,
824 1955 885 1989 toti
911 1965 993 2001 quoe
1017 1954 1159 2000 aspirat
1186 1958 1219 1988 el
1246 1953 1402 1988 imminet
1429 1952 1523 1995 orbi,

521 2009 683 2056 Concipit
709 2014 815 2056 alque
835 2011 938 2046 acido
967 2009 1173 2045 Romanam
1196 2014 1346 2055 pectore
1376 2009 1528 2044 molem?

527 2066 628 2101 Unde
657 2070 710 2101 est
731 2067 962 2113 principibus
992 2068 1129 2102 cunctis
1158 2067 1322 2109 inimica,
1352 2071 1528 2112 tyrannos
1568 2082 1574 2091 ·

519 2121 615 2165 Quos
644 2128 764 2166 vocat,
796 2125 903 2170 inque
931 2125 1006 2159 suis
1034 2133 1169 2158 secura
1186 2122 1380 2169 paludibus
1405 2132 1527 2157 omnes

519 2179 697 2225 Despicit,
729 2179 831 2215 hccud
849 2181 918 2216 sibi
942 2181 1013 2214 iam
1044 2180 1235 2222 mortales,
1266 2179 1332 2213 sed
1353 2188 1467 2224 neque
1496 2180 1622 2214 caelum

453 2244 501 2271 190
522 2235 636 2270 Posse
659 2246 793 2271 nocere
820 2241 975 2282 putans,
1005 2240 1170 2282 conqesto
1192 2235 1308 2281 fidere
1337 2236 1374 2269 in
1402 2246 1494 2269 auro

519 2290 648 2336 Saeta,
678 2297 844 2327 manente
867 2293 989 2328 eodem
1017 2301 1230 2338 semperque
1258 2295 1379 2326 tenore
1401 2300 1566 2334 suorum,

518 2347 749 2384 Incrementa
777 2349 904 2395 quibus
932 2349 1113 2384 discordia
1146 2358 1261 2394 rcqna
1288 2348 1441 2392 suerunt

520 2404 738 2451 Alternoque
764 2406 875 2441 duces
903 2405 1075 2440 exhausti
1097 2408 1213 2439 marte
1235 2404 1356 2444 Latini
1362 2418 1375 2443 ,-

522 2459 693 2496 Reddidit
715 2465 748 2496 et
776 2463 847 2496 nisi
871 2472 960 2507 quos
988 2463 1133 2496 iactura
1158 2461 1278 2495 aliena
1299 2463 1477 2506 potentes,

456 2525 503 2552 195
525 2515 678 2563 Semper
706 2519 743 2552 in
772 2519 916 2553 interitu
941 2528 1065 2564 requm
1091 2521 1142 2552 esl
1167 2526 1252 2563 spes
1275 2517 1437 2551 maxima
1468 2527 1620 2562 quorum

522 2573 634 2610 Posse
657 2575 794 2621 aliquid
823 2578 915 2618 tuto,
947 2575 1030 2610 dum
1062 2583 1219 2619 carpere
1244 2577 1406 2619 tempora
1431 2577 1599 2619 captant,

346 2703 388 2724 ¹5⁶
415 2703 570 2747 aquilas]
596 2706 797 2747 imperiales.
862 2705 903 2725 ¹5⁷
927 2705 1125 2747 prebentes
1143 2707 1173 2736 1.
1238 2703 1388 2747 Suevos]
1408 2706 1592 2738 eoeercitum
1607 2709 1756 2739 navalem
1777 2708 1961 2749 imperato-

256 2762 314 2792 ris.
386 2759 428 2781 ¹⁵5
453 2760 593 2804 ducem]
615 2762 775 2802 Ottonem,
802 2763 1018 2804 imperatoris
1037 2763 1151 2802 filium.
1216 2761 1256 2781 ¹⁵⁹
1283 2763 1409 2804 grecia
1426 2762 1538 2794 Xerse
1557 2764 1588 2794 1.
1654 2762 1696 2783 ¹⁶⁰
1720 2763 1908 2806 tropheum
1926 2766 1958 2798 1.

256 2815 297 2836 161
331 2816 497 2850 culminis
524 2820 554 2850 1.
585 2819 811 2860 imperatoris.
907 2818 948 2838 ¹⁶²
977 2817 1148 2860 vestrum]
1187 2819 1376 2859 principum
1415 2819 1612 2852 Germanice.
1706 2818 1748 2840 ¹⁶⁸
1779 2819 1902 2853 ledere
1927 2822 1959 2852 1.

256 2872 297 2893 169
322 2874 457 2916 Sepqu
482 2876 515 2905 1.
607 2874 844 2906 mendacibus
871 2872 990 2920 fastis]
1017 2875 1132 2916 quibus
1155 2875 1217 2906 hoc
1246 2877 1400 2906 sceculum
1424 2874 1687 2907 Bulletinorum
1719 2886 1835 2909 nomen
1866 2877 1963 2908 adin-

254 2933 352 2961 venit.
419 2929 460 2950 ¹⁷0
483 2929 639 2973 lacunis]
658 2932 832 2972 Layunen.
898 2930 938 2950 173
958 2929 1120 2974 regibus]
1143 2932 1377 2963 Germanorum
1395 2931 1528 2962 Italiam
1541 2932 1741 2973 petentibus.
1804 2930 1847 2953 ¹⁷⁴
1871 2932 1958 2965 secl.

256 2984 405 3028 revolv.]
431 2986 499 3018 Sub
525 2988 607 3019 duce
631 2988 815 3020 Francis-co
839 2988 871 3019 F
871 2989 1003 3019 ascario
1028 2987 1336 3020 Mediolanensibus
1359 2988 1537 3020 territoria
1559 2988 1797 3030 Beryomense,
1826 2988 1961 3021 Oremo-

257 3052 367 3079 nense,
393 3042 578 3075 Brioez'ense
604 3043 687 3075 bello
713 3045 916 3081 ademerunt,
945 3044 1165 3077 Carmanioloe
1188 3048 1328 3076 nzaaeime
1354 3046 1484 3082 virtute,
1518 3055 1549 3076 a.
1569 3046 1669 3076 1426.
1686 3055 1739 3087 sq.
1809 3043 1852 3064 ¹⁷⁵
1875 3044 1960 3077 Exi-

257 3097 347 3130 talie
373 3100 404 3130 1.
477 3098 517 3119 ¹⁵³
545 3109 635 3131 ceca
660 3101 692 3132 1.
766 3099 806 3119 ¹⁹⁷
833 3100 995 3132 tirannos
1021 3103 1051 3132 1.
1125 3093 1128 3097 ⁸
