2081 3517
315 185 331 229 1
349 185 362 229 1
379 185 405 229 2
1012 202 1171 223 HVTTENI
1189 201 1298 222 NEMO.

506 305 626 344 Nemo
657 310 760 344 sorte
789 316 857 343 sua
885 303 974 341 vivit
1003 306 1221 346 contentus,
1255 306 1292 340 et
1320 302 1419 340 intra

618 372 825 410 Fortunam
856 370 988 408 didicit
1017 368 1138 407 Nemo
1168 380 1325 407 manere
1356 380 1474 410 suam,

506 439 625 478 Nemo
655 437 897 478 sacerdotum
927 435 1038 474 luxus
1068 436 1258 486 vitamque
1289 436 1483 485 supinam,

445 520 476 544 36
618 506 738 544 Nemo
769 504 881 542 audet
911 503 1057 541 Latium
1090 515 1251 553 carpere
1280 503 1519 541 Pontificem.

505 574 625 611 Nemo
655 573 691 609 in
723 582 853 609 amore
883 570 1000 620 sapit;
1032 569 1154 607 Nemo
1186 576 1242 608 est
1271 571 1309 608 in
1340 582 1473 609 amore
1498 569 1644 615 fidelis,

614 640 734 678 Nemo
765 637 827 676 alii
857 638 1016 687 propior
1047 649 1160 687 quam
1191 637 1319 676 studet
1349 649 1433 676 esse
1462 635 1547 676 sihi.

504 707 623 745 Nemo
655 717 766 755 vagas
797 710 974 743 numerat
1003 703 1149 748 stellas3
1182 706 1264 755 ipso
1295 705 1430 744 ordine
1458 706 1564 744 novit

444 787 475 811 40
616 772 756 817 Nemo,
789 771 879 822 quid
908 771 947 809 in
977 777 1100 816 terra,
1133 772 1300 823 quidque
1330 772 1478 811 feratur
1507 783 1617 822 aqua.

504 840 622 878 Nonio
654 843 780 889 potest
809 839 975 877 dominis
1004 838 1116 877 simul
1146 840 1332 878 inservire
1363 838 1537 883 duobus,

613 906 734 945 Nemo
765 906 867 957 qnod
898 911 934 945 et
964 907 1113 957 quoties
1144 908 1305 956 expetit,
1338 906 1430 944 illud
1460 905 1588 944 habet.

503 975 623 1013 Nemo
653 974 798 1018 honus,
828 974 950 1013 Nemo
981 979 1038 1012 est
1068 986 1113 1012 ex
1144 975 1248 1011 omni
1277 978 1386 1023 parte
1416 973 1571 1017 heatus;

441 1054 472 1079 44
615 1041 735 1080 Nemo
766 1041 879 1080 simul
909 1042 1010 1091 potis
1045 1045 1103 1079 est
1133 1040 1313 1080 omnibus
1344 1052 1426 1079 esse
1456 1039 1561 1078 locis.

501 1108 621 1147 Nemo
654 1121 787 1148 omnes
816 1109 940 1159 posita
970 1108 1184 1147 Germanos
1212 1107 1297 1157 lege
1328 1112 1500 1152 coercet,

612 1176 732 1215 Nemo
763 1178 895 1226 iugum
924 1175 1048 1214 Rheni
1078 1175 1258 1225 gentibus
1287 1176 1480 1225 imposuit.

500 1243 620 1293 Nemo
651 1256 720 1295 per
749 1245 937 1282 innocuos
966 1255 1095 1282 mores
1127 1244 1307 1293 emergit,
1341 1247 1377 1280 et
1407 1241 1502 1280 aulae

439 1324 470 1349 43
495 1312 501 1319 ’
614 1311 768 1349 Sontica
799 1312 1046 1361 prosequitur
1076 1323 1237 1350 munera
1262 1310 1389 1360 *Nemo
1420 1311 1517 1359 pius

498 1378 620 1417 Nemo
652 1378 887 1424 Quirinalem
918 1379 1114 1417 dominatu
1144 1378 1282 1416 liberat
1310 1377 1470 1421 urbem,

610 1447 730 1485 Nemo
760 1444 948 1484 laboranti
977 1446 1152 1485 subvenit
1180 1445 1315 1489 ltaliam

498 1513 618 1552 Nemo
650 1514 751 1552 feros
782 1512 881 1552 hello
913 1513 1060 1552 Turoas
1090 1513 1185 1557 adit;
1219 1518 1255 1552 et
1284 1512 1526 1551 hona-curat

436 1594 468 1618 52
611 1580 768 1619 Publica
797 1582 944 1631 privato
976 1593 1136 1619 munere
1167 1580 1288 1619 Nemo
1319 1581 1451 1630 magis.

499 1648 619 1686 Nemo
651 1654 754 1687 certa
784 1650 892 1698 sequi
923 1648 994 1687 sibi
1025 1649 1202 1686 conscius
1233 1648 1374 1697 optima
1405 1646 1515 1695 legit.

610 1717 730 1754 Nemo
761 1716 876 1754 audet
905 1716 1039 1754 subitis
1069 1715 1186 1753 rebus
1217 1714 1361 1753 habere
1392 1714 1517 1752 sidem.

494 1864 601 1899 Nemo
634 1865 667 1898 in
699 1875 817 1899 amore
849 1864 958 1911 sapit,
990 1864 1097 1898 Nonio
1130 1869 1184 1898 est
1215 1863 1248 1898 in
1280 1874 1399 1898 amore
1430 1861 1564 1902 fidelis;

422 1931 454 1956 24
592 1920 700 1955 Nemo
731 1921 810 1955 aliis
837 1921 904 1955 sibi
928 1932 1033 1966 quam
1061 1920 1170 1965 fidior
1199 1929 1276 1954 esse
1304 1920 1399 1954 solet.

494 1976 602 2011 Nemo
634 1988 738 2023 vagas
769 1982 931 2011 numerat
962 1975 1099 2015 stellas,
1134 1976 1210 2022 ipso
1243 1976 1366 2011 ordine
1398 1975 1495 2010 novit

591 2033 699 2067 Nemo
731 2033 813 2079 qnid
845 2033 879 2067 in
911 2039 1005 2067 terra
1035 2032 1190 2079 quidque
1222 2032 1356 2067 seratur
1386 2043 1487 2079 aqua.

470 2089 597 2132 ,Nemo
628 2094 748 2136 potest
776 2089 928 2124 dominis
960 2088 1062 2124 simul
1094 2088 1264 2123 inservire
1294 2087 1444 2123 duobus.

421 2156 454 2181 28
596 2146 707 2180 Nemo
733 2150 849 2191 potest
876 2146 991 2195 vedius
1018 2155 1161 2190 semper
1190 2145 1326 2179 habere
1350 2154 1477 2190 pares.

380 2277 407 2296 3³
427 2278 473 2310 ef.
492 2278 618 2309 Horat.
639 2280 707 2308 sat.
727 2277 754 2308 I.
778 2276 805 2307 l.
826 2277 905 2307 init.
972 2278 1062 2308 forre
1079 2277 1108 2307 6.
1171 2274 1199 2294 3⁴
1219 2275 1266 2307 ef.
1285 2274 1744 2317 P1·0p01·t.1V.9,(III.7‚)·2.
1792 2272 1819 2293 ³⁵
1836 2278 1909 2311 ᾶ-
1926 2276 1986 2307 ad-

287 2337 400 2375 posuit
426 2337 455 2365 7.
526 2334 568 2364 In
595 2343 648 2364 ex.
667 2333 833 2364 Monacli.
854 2332 1010 2373 quidam,
1036 2342 1107 2363 non
1131 2331 1406 2372 XVeislingeruQ
1435 2332 1536 2362 euius
1563 2331 1763 2373 exemplum
1786 2331 1892 2363 huius
1915 2332 1986 2363 Ne-

291 2390 397 2421 minis
429 2390 506 2431 ipse
536 2389 720 2431 possideo,
756 2389 950 2430 adscripsit
983 2388 1173 2419 ‘Diabolel
1267 2387 1433 2419 Ceterum
1458 2387 1522 2419 hos
1547 2397 1672 2419 versus
1696 2387 1750 2420 35.
1768 2387 1823 2420 36.
1847 2397 1985 2430 paucos

291 2449 372 2487 post
398 2455 512 2477 annos
530 2446 712 2477 Huttenus
737 2448 818 2486 post
843 2455 886 2476 ea
912 2455 990 2485 quae
1015 2444 1212 2486 scripserat
1237 2445 1327 2485 ipse,
1354 2444 1512 2475 seribere
1538 2454 1609 2475 non
1625 2445 1815 2486 potuisset.
1880 2442 1910 2463 ³⁷
1935 2444 1983 2475 ef.

290 2503 379 2534 Luc.
398 2503 441 2534 X.
461 2501 515 2534 29.
601 2497 680 2534 ἐπεὶ
705 2497 747 2533 δὲ
774 2499 948 2542 φιλαυτοὶ
973 2495 1122 2538 πάντες.
1149 2500 1256 2531 Arist.
1276 2500 1367 2531 rhet.
1387 2500 1434 2531 ΙΙ.
1462 2500 1544 2531 ‘Suo
1571 2501 1665 2531 enim
1691 2501 1840 2541 quisque
1866 2500 1984 2531 studio

290 2559 443 2590 maxime
469 2557 634 2590 ducitur'.
660 2558 744 2589 Piso
764 2568 820 2598 ap.
843 2557 918 2588 Cic.
939 2557 981 2588 de
1000 2557 1058 2587 fin.
1078 2557 1119 2588 V.
1140 2557 1170 2595 2,
1183 2564 1210 2588 5.
1280 2555 1307 2575 ³⁹
1334 2554 1510 2597 numerat]
1530 2556 1577 2587 of.
1596 2557 1725 2588 Ierem.
1743 2556 1910 2587 XXXIII.
1929 2556 1982 2587 22.

290 2613 315 2633 ⁴¹
342 2614 471 2646 Matth.
490 2614 548 2646 VI.
566 2615 622 2646 24.
639 2615 727 2646 Luc.
747 2614 841 2645 XVI.
862 2612 913 2645 13.
990 2611 1018 2632 4²
1044 2614 1182 2655 expetit
1206 2613 1309 2652 illud,
1337 2612 1459 2643 habet.
1486 2614 1564 2644 edd.
1586 2617 1719 2654 proeter
1744 2615 1796 2644 16.
1838 2612 1985 2654 expedit

292 2672 545 2702 14.20.23.25‚
563 2675 596 2702 et
619 2673 668 2702 sic
698 2681 826 2702 sensnm
856 2671 955 2702 eliam
980 2670 1173 2701 Germanice
1205 2670 1356 2710 corrupit
1381 2671 1435 2700 25.
1528 2667 1556 2688 ⁴³
1580 2668 1706 2709 „Nihil
1737 2672 1792 2700 est
1817 2668 1862 2699 ab
1888 2668 1983 2700 omni

289 2727 400 2758 Parte
425 2727 605 2758 beatum&
625 2727 712 2758 Hor.
733 2726 787 2758 od.
806 2727 854 2757 ΙΙ.
877 2725 982 2766 17,27.
1069 2724 1123 2767 ox]
1151 2725 1195 2757 ab
1222 2728 1277 2757 25.
1354 2723 1381 2743 ⁴⁵
1406 2725 1544 2757 omneis
1570 2726 1665 2756 2.17.
1736 2723 1765 2744 “¹⁶
1789 2723 1980 2766 „ffi'temcmb

291 2781 374 2825 lebet
400 2783 458 2817 ben
484 2781 596 2824 {iiheiu
620 2782 700 2817 iihet
725 2781 774 2816 bie
798 2781 913 2817 ffisslfet
938 2791 1012 2825 gum
1035 2781 1179 2824 „Detrn'ss
1219 2782 1267 2813 sic
1291 2782 1476 2818 Μῐιήοὴὶιιε,
1503 2792 1582 2813 cum
1607 2781 1725 2812 Rheni
1749 2781 1917 2823 gentibus
1942 2780 1980 2820 (i.

291 2849 321 2870 e.
339 2839 507 2879 Francis)
535 2850 556 2871 a
573 2840 716 2871 nemine
741 2840 863 2880 iugum
887 2839 1081 2880 inpositum
1100 2848 1178 2869 esse
1197 2838 1369 2878 glorietur
1388 2842 1523 2878 auctor,
1550 2837 1593 2868 de
1611 2837 1761 2869 Nemine
1778 2836 1981 2878 praedicans

291 2895 382 2935 quod
408 2906 428 2926 a
445 2895 569 2927 Multis
594 2896 732 2927 factum
758 2899 822 2926 est.
885 2893 914 2914 4⁷
940 2895 985 2926 cf.
1004 2894 1184 2936 dialogum
1202 2894 1393 2926 Misaulum
1419 2905 1446 2926 s.
1465 2893 1605 2926 Aulam.
1667 2891 1696 2912 ⁴⁵³
1721 2891 1881 2934 Sontica]
1907 2903 1980 2924 mo-

289 2951 387 2982 ribus
411 2951 514 2983 bonis
539 2954 668 2984 noxias
742 2951 770 2970 ⁴⁹
794 2955 868 2987 &-
893 2955 922 2982 7.
993 2951 1177 2982 dominata
1202 2953 1257 2982 21.
1343 2949 1370 2969 ⁵⁰
1395 2951 1450 2982 Cf.
1468 2950 1621 2981 Hutteni
1647 2948 1836 2991 epistolam
1860 2948 1980 2980 Italiae

289 3006 471 3039 ficticiam.
541 3007 565 3027 5¹
594 3009 640 3039 cf.
660 3008 868 3039 Orationem
895 3008 935 3039 de
962 3007 1058 3039 bello
1083 3008 1209 3038 Tui-cis
1235 3007 1434 3038 inferendo.

376 3061 403 3082 Ἡ
428 3062 530 3105 solet]
557 3068 674 3105 potest
700 3067 729 3095 (5.
