2081 3517
63 213 289 235 ELEVTHERII
308 214 443 235 BYZENI
463 214 673 237 TRIVMPHVS
691 214 872 236 DOCTORIS
892 214 1077 237 REVCHLIN
1099 213 1419 235 S.10A.CAPN10NIS
1438 215 1637 237 ENCOMION·
1670 196 1766 241 435

331 316 403 360 Qui
437 321 471 354 te
503 317 696 366 pestiferis
727 316 861 356 iaculis
892 317 1039 367 petiere
1072 320 1253 366 tuamque
1595 316 1768 371 Ejffifflgnfid

328 382 413 421 Non
445 383 683 433 extinguibili
715 384 853 423 famam
886 383 1005 422 livore
1035 388 1210 422 secantes

262 460 311 486 1330
334 450 496 488 Mortem
529 451 775 495 affectarunt,
807 451 868 489 his
899 456 958 495 tu,
991 451 1250 495 sanctissime,
1284 451 1397 488 vitam

331 517 479 573 Ingenii
509 516 660 567 largiris
692 518 788 568 ope?
819 518 879 556 his
910 523 949 555 tu
983 522 1085 556 tanta
1117 517 1301 556 refundes

329 584 512 627 Praemia,
546 588 587 622 ut
618 584 676 622 his
707 597 862 623 moveas
894 590 1058 623 aeternos
1090 596 1232 623 nomen
1266 585 1304 622 in
1336 584 1482 622 annos?

330 651 460 688 Poscit
491 652 592 689 enim
624 663 858 701 quocunque
890 652 1005 689 modo
1037 651 1266 690 immortalis
1298 651 1435 690 haberi

329 717 554 767 Tungarus,
588 723 625 756 et
655 717 803 757 scelere
835 718 932 763 hoc,
966 720 1052 769 quia
1084 731 1162 757 non
1194 720 1333 757 virtute
1365 723 1557 761 merctur,

261 794 310 819 (535
332 785 506 835 Accipit,
539 785 654 836 inque
686 786 761 824 tuis
793 785 866 823 fert
897 787 987 835 poni
1019 790 1216 836 utcunque
1247 785 1395 824 libellis.

331 853 377 889 At
407 852 542 890 tacitus
574 851 686 890 dolor
719 857 795 896 est,
829 853 932 902 quod
964 854 1107 890 sanctis
1138 853 1313 891 moribus
1344 852 1435 891 illud

328 918 412 956 Non
444 919 573 969 potius
605 920 747 970 capiat,
781 920 961 971 quodque
993 920 1094 958 haud
1127 921 1214 958 facit
1245 920 1425 971 haudque
1458 920 1626 961 laborat.

331 985 451 1024 Vellet
482 986 626 1025 habere
658 993 808 1026 tamen:
841 988 895 1025 vis
925 999 1129 1036 magnum,
1162 988 1365 1037 Tungare‚
1399 1000 1560 1029 nomen,

328 1053 391 1091 Vis
423 1066 616 1093 memores
647 1067 718 1094 nos
750 1066 833 1094 esse
866 1055 938 1098 tui,
972 1056 1027 1093 vis
1057 1059 1213 1093 sanctus
1245 1054 1398 1099 haberi,

261 1131 311 1156 {340
334 1120 521 1171 (Namque
553 1123 604 1160 ita
635 1122 730 1160 velle
762 1123 853 1173 scio)
888 1127 1001 1172 atque
1029 1123 1108 1161 istis
1139 1122 1213 1160 hoc
1244 1123 1418 1161 moribus
1448 1122 1593 1160 ambis?

330 1190 430 1234 Quin
454 1188 552 1227 bibis
574 1189 819 1228 helleborum
843 1194 901 1233 ct,
925 1189 1065 1240 quibus
1087 1190 1148 1227 hic
1172 1189 1281 1228 furor
1306 1194 1435 1233 exeat,
1460 1190 1621 1227 herhas!

333 1256 427 1293 Cum
450 1260 629 1305 quateres
651 1257 784 1295 dextra
806 1257 943 1295 tzedam
966 1257 1003 1294 in
1027 1257 1219 1307 Capnioua
1242 1262 1490 1307 perunctam,
1647 1256 1771 1311 ῗζζξῗζξῗξῗ]

334 1322 454 1361 Nocte
487 1323 617 1362 serunt
648 1324 772 1363 media
805 1325 967 1375 patriam
1000 1323 1068 1362 tibi
1099 1336 1192 1363 voce
1224 1325 1384 1362 minanti

332 1390 441 1428 Irata}
472 1391 658 1436 similem,
692 1391 855 1430 similem
887 1391 1101 1441 ulciscique
1132 1390 1294 1435 volenti,

262 1457 399 1496 6451115
430 1459 548 1496 visam
581 1459 756 1497 monitis:
791 1459 896 1504 ‘Quo
928 1463 968 1496 tu
1000 1459 1037 1496 in
1071 1470 1186 1508 quem
1219 1457 1371 1496 turbine
1403 1470 1596 1508 prseceps,

332 1524 455 1569 ‘Quo,
490 1525 669 1569 Catilina,
702 1526 805 1564 ruis?
837 1537 914 1575 quo
945 1530 982 1563 te
1014 1525 1122 1563 furor
1154 1525 1296 1575 impius
1327 1526 1463 1574 urget?

331 1592 435 1638 ‘Qua
467 1594 576 1643 pice,
609 1591 798 1643 sulphure
829 1605 906 1643 quo
939 1591 1086 1631 cladem
1120 1592 1307 1629 minitaris
1339 1592 1528 1641 iniquam,

331 1659 516 1698 ‘Arsuras
547 1661 743 1698 succincte
774 1659 901 1699 faces?
932 1664 1024 1698 tune
1055 1658 1129 1698 alta
1160 1658 1338 1709 superbae

331 1726 548 1766 ‘Teutonice
579 1732 806 1766 ornamenta
839 1739 953 1777 paras
984 1738 1214 1765 consumere
1246 1725 1428 1769 flammis,

262 1806 311 1831 0:10
336 1795 555 1833 ‘Pernicies
587 1795 745 1845 patrize‘?
777 1796 925 1839 nescis,
957 1794 1053 1839 heu,
1086 1794 1254 1844 perdite,
1288 1794 1413 1832 nescis

333 1864 480 1906 ‘Quem
511 1866 549 1900 tu
583 1861 658 1900 hoc
688 1863 777 1912 igne
808 1861 948 1913 petas’.
982 1862 1049 1900 sed
1081 1873 1152 1900 nec
1184 1861 1251 1899 tibi
1284 1866 1406 1911 coepta
1441 1862 1600 1898 vetantis

332 1929 543 1968 Consilium
576 1930 728 1973 matris,
763 1941 888 1980 neque
919 1935 1034 1967 notus
1064 1928 1209 1979 profuit
1240 1940 1370 1966 error:

330 1997 504 2035 Insanire
537 1996 603 2035 tibi
634 1996 766 2040 libuit,
798 1996 986 2047 libuilque
1018 1997 1166 2047 perire:

331 2064 398 2102 llis
429 2065 539 2103 furiis
573 2065 723 2114 istoque
755 2063 864 2107 odio,
898 2063 1001 2114 quod
1035 2068 1069 2101 te
1099 2067 1204 2102 secat
1234 2062 1354 2105 inlus,

264 2144 312 2169 1355
334 2131 415 2170 Nec
446 2132 477 2170 si
510 2136 545 2170 te
577 2131 747 2181 affligas,
781 2136 845 2170 aut
876 2132 906 2169 si
939 2136 974 2170 te
1004 2131 1158 2181 ruperis
1190 2131 1288 2168 intra

331 2199 507 2244 Viscera,
539 2199 719 2249 perficies
750 2211 826 2249 quo
857 2203 893 2237 te
925 2199 1053 2236 minus
1084 2197 1265 2236 omnibus
1297 2197 1406 2235 annis

333 2265 467 2304 Omnis
499 2267 704 2316 posteritas
735 2266 822 2304 odio
855 2266 1088 2304 condemnet
1118 2264 1260 2303 acerbo

332 2333 604 2385 Execrentque
635 2339 745 2372 tuum
776 2335 968 2373 venientia
1001 2332 1133 2371 secula
1164 2344 1307 2370 nomen

333 2400 536 2439 Summum
569 2400 618 2439 ob
649 2401 836 2451 flagitium
869 2406 906 2440 et
936 2402 1065 2450 magni
1097 2399 1305 2450 Capnionis
1335 2411 1489 2443 amore,

267 2484 316 2507 ωηο
337 2467 460 2512 Quem
492 2470 589 2519 petis
620 2469 779 2513 invidia,
813 2469 860 2508 de
892 2481 967 2519 quo
999 2467 1122 2519 spolia
1154 2468 1225 2505 ista
1256 2472 1446 2517 reportas.

333 2535 347 2573 1
379 2548 503 2580 nunc,
535 2536 634 2575 aude
666 2537 806 2575 iterum
837 2536 1008 2575 divinum
1038 2536 1235 2574 incessere
1267 2538 1409 2574 vatem.
1611 2535 1772 2583 lamnatio-

333 2603 441 2641 Aude
473 2604 554 2641 acri
586 2607 737 2642 certare
769 2604 873 2648 viro,
907 2607 945 2642 et
976 2604 1114 2641 vlrtute
1145 2602 1337 2653 potenteis

332 2670 518 2709 Insectari
550 2670 665 2714 odiis,
699 2670 820 2715 aude,
853 2670 1125 2713 insulsissime,
1158 2669 1311 2718 scriptis
1670 2663 1774 2719 Egllffi?

332 2738 517 2776 Munitam
548 2737 688 2775 invicta
719 2739 900 2776 virtulem
933 2737 1139 2775 excindere
1172 2736 1290 2774 fama:

265 2819 314 2843 665
337 2805 421 2851 Quo
453 2804 598 2848 studio,
632 2816 755 2854 quave
786 2809 887 2849 arte,
919 2805 1058 2849 miser,
1091 2816 1165 2854 qua
1198 2804 1230 2840 vi
1262 2802 1453 2851 genioque

153 2973 198 2993 ⁰⁴⁰
222 2974 343 3015 Nanqj
369 2974 461 3005 1...4.
488 2972 639 3013 Nanque
666 2974 697 3003 5.
710 2974 739 3003 ὓ.
835 2970 878 2991 ⁰⁴²
903 2971 1023 3003 tedam
1051 2972 1163 3002 1.2.0.
1258 2968 1299 2988 ⁰⁴⁴
1325 2971 1462 2999 alterum
1488 2967 1642 2999 similem
1667 2977 1726 2998 om.
1749 2969 1776 2996 7.

65 3029 108 3050 ⁶⁴⁶
134 3030 214 3069 Qua
235 3033 264 3061 7.
388 3028 432 3049 ‘³5²
458 3031 562 3060 notus
589 3026 698 3069 error]
737 3028 898 3069 cognitio
926 3027 1070 3058 erroris.
1190 3024 1234 3045 (ὦ
1264 3026 1486 3065 Excerentq3
1511 3026 1541 3055 -1,
1569 3024 1725 3054 Exerent
1745 3025 1775 3052 5.

66 3083 109 3105 ⁶⁰4
133 3087 315 3118 Mumeam
344 3088 376 3118 3.
388 3087 418 3117 4.
432 3088 461 3116 7.
473 3084 510 3126 (1)
582 3084 689 3114 famae
718 3085 747 3113 2.
760 3085 791 3114 6.

1391 3135 1477 3178 28*
