<?xml version="1.0" encoding="UTF-8"?>
<!DOCTYPE html PUBLIC "-//W3C//DTD XHTML 1.0 Transitional//EN"
    "http://www.w3.org/TR/xhtml1/DTD/xhtml1-transitional.dtd">
<html xmlns="http://www.w3.org/1999/xhtml" xml:lang="en" lang="en">
 <head>
  <title>
</title>
<meta http-equiv="Content-Type" content="text/html;charset=utf-8" />
  <meta name='ocr-system' content='tesseract 3.04.00' />
  <meta name='ocr-capabilities' content='ocr_page ocr_carea ocr_par ocr_line ocrx_word'/>
</head>
<body>
  <div class='ocr_page' id='page_1' title='image "./operaquaereperir03huttuoft/operaquaereperir03huttuoft_0025.png"; bbox 0 0 2081 3517; ppageno 0'>
   <div class='ocr_carea' id='block_1_1' title="bbox 402 229 1774 262">
    <p class='ocr_par' dir='ltr' id='par_1_1' title="bbox 402 229 1774 262">
     <span class='ocr_line' id='line_1_1' title="bbox 402 229 1774 262; baseline 0.004 -7"><span class='ocrx_word' id='word_1_1' title='bbox 402 232 517 255; x_wconf 68' lang='lat' dir='ltr'>mnssx</span> <span class='ocrx_word' id='word_1_2' title='bbox 534 232 658 255; x_wconf 78' lang='lat' dir='ltr'>EORVM</span> <span class='ocrx_word' id='word_1_3' title='bbox 677 232 756 260; x_wconf 76' lang='lat' dir='ltr'>QvAE</span> <span class='ocrx_word' id='word_1_4' title='bbox 774 232 845 256; x_wconf 79' lang='lat' dir='ltr'>noc</span> <span class='ocrx_word' id='word_1_5' title='bbox 863 233 1053 256; x_wconf 67' lang='lat' dir='ltr'>votvmmn</span> <span class='ocrx_word' id='word_1_6' title='bbox 1073 232 1132 256; x_wconf 84' lang='lat'>111.</span> <span class='ocrx_word' id='word_1_7' title='bbox 1152 233 1426 257; x_wconf 70' lang='lat' dir='ltr'>cou&#39;rmENTvn.</span> <span class='ocrx_word' id='word_1_8' title='bbox 1627 229 1774 262; x_wconf 84' lang='lat' dir='ltr'>XVIIII</span> 
     </span>
    </p>
   </div>
   <div class='ocr_carea' id='block_1_2' title="bbox 141 335 1775 1125">
    <p class='ocr_par' dir='ltr' id='par_1_2' title="bbox 1703 335 1775 368">
     <span class='ocr_line' id='line_1_2' title="bbox 1703 335 1775 368; baseline 0.028 -8"><span class='ocrx_word' id='word_1_9' title='bbox 1703 335 1775 368; x_wconf 82' lang='lat' dir='ltr'>Pag.</span> 
     </span>
    </p>

    <p class='ocr_par' dir='ltr' id='par_1_3' title="bbox 147 387 1774 500">
     <span class='ocr_line' id='line_1_3' title="bbox 147 387 1774 421; baseline -0.001 -1"><span class='ocrx_word' id='word_1_10' title='bbox 147 393 202 420; x_wconf 85' lang='lat' dir='ltr'>AD</span> <span class='ocrx_word' id='word_1_11' title='bbox 233 393 429 421; x_wconf 77' lang='lat' dir='ltr'>VOLVMEN</span> <span class='ocrx_word' id='word_1_12' title='bbox 457 394 520 420; x_wconf 91' lang='lat'>111.</span> <span class='ocrx_word' id='word_1_13' title='bbox 601 412 608 420; x_wconf 92' lang='lat'>.</span> <span class='ocrx_word' id='word_1_14' title='bbox 727 412 735 419; x_wconf 93' lang='lat'>.</span> <span class='ocrx_word' id='word_1_15' title='bbox 797 411 804 419; x_wconf 93' lang='lat'>.</span> <span class='ocrx_word' id='word_1_16' title='bbox 867 412 874 419; x_wconf 94' lang='lat'>.</span> <span class='ocrx_word' id='word_1_17' title='bbox 938 413 944 419; x_wconf 93' lang='lat'>.</span> <span class='ocrx_word' id='word_1_18' title='bbox 1008 413 1015 419; x_wconf 92' lang='lat'>.</span> <span class='ocrx_word' id='word_1_19' title='bbox 1079 413 1086 419; x_wconf 92' lang='lat'>.</span> <span class='ocrx_word' id='word_1_20' title='bbox 1149 412 1156 419; x_wconf 94' lang='lat'>.</span> <span class='ocrx_word' id='word_1_21' title='bbox 1219 411 1226 418; x_wconf 94' lang='lat'>.</span> <span class='ocrx_word' id='word_1_22' title='bbox 1290 411 1296 418; x_wconf 91' lang='lat'>.</span> <span class='ocrx_word' id='word_1_23' title='bbox 1360 411 1367 418; x_wconf 92' lang='lat'>.</span> <span class='ocrx_word' id='word_1_24' title='bbox 1430 411 1437 418; x_wconf 89' lang='lat'>.</span> <span class='ocrx_word' id='word_1_25' title='bbox 1501 411 1508 418; x_wconf 92' lang='lat'><strong>.</strong></span> <span class='ocrx_word' id='word_1_26' title='bbox 1571 412 1578 419; x_wconf 95' lang='lat'>.</span> <span class='ocrx_word' id='word_1_27' title='bbox 1642 412 1648 420; x_wconf 96' lang='lat'>.</span> <span class='ocrx_word' id='word_1_28' title='bbox 1709 387 1774 419; x_wconf 78' lang='grc'>562</span> 
     </span>
     <span class='ocr_line' id='line_1_4' title="bbox 231 446 1647 500; baseline -0.001 -13"><span class='ocrx_word' id='word_1_29' title='bbox 231 448 389 487; x_wconf 85' lang='lat' dir='ltr'>Hutteni</span> <span class='ocrx_word' id='word_1_30' title='bbox 410 448 642 497; x_wconf 82' lang='lat' dir='ltr'>Phagigenae</span> <span class='ocrx_word' id='word_1_31' title='bbox 672 447 719 486; x_wconf 79' lang='lat' dir='ltr'>ad</span> <span class='ocrx_word' id='word_1_32' title='bbox 750 446 936 486; x_wconf 83' lang='lat' dir='ltr'>lectorem</span> <span class='ocrx_word' id='word_1_33' title='bbox 970 448 1309 499; x_wconf 76' lang='lat' dir='ltr'>[epigrammatum</span> <span class='ocrx_word' id='word_1_34' title='bbox 1332 447 1647 500; x_wconf 81' lang='lat' dir='ltr'>Aesticampiani]</span> 
     </span>
    </p>

    <p class='ocr_par' dir='ltr' id='par_1_4' title="bbox 331 516 1775 565">
     <span class='ocr_line' id='line_1_5' title="bbox 331 516 1775 565; baseline 0 -12"><span class='ocrx_word' id='word_1_35' title='bbox 331 516 568 565; x_wconf 76' lang='lat' dir='ltr'>epigramma</span> <span class='ocrx_word' id='word_1_36' title='bbox 655 545 662 552; x_wconf 93' lang='lat'>.</span> <span class='ocrx_word' id='word_1_37' title='bbox 726 546 732 552; x_wconf 95' lang='lat'>.</span> <span class='ocrx_word' id='word_1_38' title='bbox 797 545 804 552; x_wconf 95' lang='lat'>.</span> <span class='ocrx_word' id='word_1_39' title='bbox 867 545 874 552; x_wconf 94' lang='lat'>.</span> <span class='ocrx_word' id='word_1_40' title='bbox 938 546 944 552; x_wconf 93' lang='lat'>.</span> <span class='ocrx_word' id='word_1_41' title='bbox 1008 547 1014 553; x_wconf 94' lang='lat'>.</span> <span class='ocrx_word' id='word_1_42' title='bbox 1078 546 1084 553; x_wconf 90' lang='lat'>.</span> <span class='ocrx_word' id='word_1_43' title='bbox 1148 546 1155 553; x_wconf 91' lang='lat'>.</span> <span class='ocrx_word' id='word_1_44' title='bbox 1218 546 1225 552; x_wconf 91' lang='lat'>.</span> <span class='ocrx_word' id='word_1_45' title='bbox 1288 546 1295 552; x_wconf 90' lang='lat'>.</span> <span class='ocrx_word' id='word_1_46' title='bbox 1359 546 1366 552; x_wconf 92' lang='lat'>.</span> <span class='ocrx_word' id='word_1_47' title='bbox 1430 545 1436 552; x_wconf 93' lang='lat'>.</span> <span class='ocrx_word' id='word_1_48' title='bbox 1499 545 1507 552; x_wconf 89' lang='lat'><em>.</em></span> <span class='ocrx_word' id='word_1_49' title='bbox 1571 546 1578 553; x_wconf 92' lang='lat'>.</span> <span class='ocrx_word' id='word_1_50' title='bbox 1641 546 1649 553; x_wconf 93' lang='lat'>.</span> <span class='ocrx_word' id='word_1_51' title='bbox 1709 520 1775 553; x_wconf 87' lang='lat'>563</span> 
     </span>
    </p>

    <p class='ocr_par' dir='ltr' id='par_1_5' title="bbox 229 583 1774 698">
     <span class='ocr_line' id='line_1_6' title="bbox 229 583 1774 632; baseline -0.001 -12"><span class='ocrx_word' id='word_1_52' title='bbox 229 585 410 620; x_wconf 81' lang='lat' dir='ltr'>Conradus</span> <span class='ocrx_word' id='word_1_53' title='bbox 440 584 624 619; x_wconf 80' lang='lat' dir='ltr'>Weidman</span> <span class='ocrx_word' id='word_1_54' title='bbox 656 583 691 618; x_wconf 87' lang='lat' dir='ltr'>in</span> <span class='ocrx_word' id='word_1_55' title='bbox 723 584 980 631; x_wconf 74' lang='lat' dir='ltr'>epigrammata</span> <span class='ocrx_word' id='word_1_56' title='bbox 1010 584 1287 632; x_wconf 80' lang='lat' dir='ltr'>Aesticampiani</span> <span class='ocrx_word' id='word_1_57' title='bbox 1359 613 1365 619; x_wconf 93' lang='lat'>.</span> <span class='ocrx_word' id='word_1_58' title='bbox 1429 613 1436 619; x_wconf 94' lang='lat'>.</span> <span class='ocrx_word' id='word_1_59' title='bbox 1501 613 1507 619; x_wconf 93' lang='lat'>.</span> <span class='ocrx_word' id='word_1_60' title='bbox 1571 612 1578 619; x_wconf 90' lang='lat'>.</span> <span class='ocrx_word' id='word_1_61' title='bbox 1641 613 1647 620; x_wconf 94' lang='lat'>.</span> <span class='ocrx_word' id='word_1_62' title='bbox 1708 587 1774 620; x_wconf 80' lang='grc'>563</span> 
     </span>
     <span class='ocr_line' id='line_1_7' title="bbox 230 651 1650 698; baseline -0.001 -12"><span class='ocrx_word' id='word_1_63' title='bbox 230 651 379 687; x_wconf 83' lang='lat' dir='ltr'>loannes</span> <span class='ocrx_word' id='word_1_64' title='bbox 418 651 575 697; x_wconf 72' lang='lat' dir='ltr'>Rhagius</span> <span class='ocrx_word' id='word_1_65' title='bbox 605 652 912 698; x_wconf 75' lang='lat' dir='ltr'>Aesticampianus</span> <span class='ocrx_word' id='word_1_66' title='bbox 951 652 992 686; x_wconf 82' lang='lat' dir='ltr'>ad</span> <span class='ocrx_word' id='word_1_67' title='bbox 1025 652 1215 688; x_wconf 83' lang='lat' dir='ltr'>Henrieum</span> <span class='ocrx_word' id='word_1_68' title='bbox 1245 652 1522 688; x_wconf 81' lang='lat' dir='ltr'>Brummannum</span> <span class='ocrx_word' id='word_1_69' title='bbox 1563 662 1650 698; x_wconf 87' lang='lat' dir='ltr'>pue-</span> 
     </span>
    </p>

    <p class='ocr_par' dir='ltr' id='par_1_6' title="bbox 328 720 1774 755">
     <span class='ocr_line' id='line_1_8' title="bbox 328 720 1774 755; baseline -0.001 -2"><span class='ocrx_word' id='word_1_70' title='bbox 328 729 407 753; x_wconf 89' lang='lat' dir='ltr'>rum</span> <span class='ocrx_word' id='word_1_71' title='bbox 440 729 543 753; x_wconf 89' lang='lat' dir='ltr'>suum</span> <span class='ocrx_word' id='word_1_72' title='bbox 582 745 590 753; x_wconf 86' lang='lat'><strong>.</strong></span> <span class='ocrx_word' id='word_1_73' title='bbox 653 746 660 753; x_wconf 92' lang='lat'>.</span> <span class='ocrx_word' id='word_1_74' title='bbox 723 746 731 754; x_wconf 85' lang='lat'>.</span> <span class='ocrx_word' id='word_1_75' title='bbox 794 746 801 753; x_wconf 94' lang='lat'>.</span> <span class='ocrx_word' id='word_1_76' title='bbox 865 747 871 753; x_wconf 93' lang='lat'>.</span> <span class='ocrx_word' id='word_1_77' title='bbox 935 747 941 753; x_wconf 92' lang='lat'>.</span> <span class='ocrx_word' id='word_1_78' title='bbox 1005 747 1012 754; x_wconf 91' lang='lat'>.</span> <span class='ocrx_word' id='word_1_79' title='bbox 1076 748 1082 754; x_wconf 95' lang='lat'>.</span> <span class='ocrx_word' id='word_1_80' title='bbox 1146 748 1153 754; x_wconf 94' lang='lat'>.</span> <span class='ocrx_word' id='word_1_81' title='bbox 1216 748 1223 754; x_wconf 96' lang='lat'>.</span> <span class='ocrx_word' id='word_1_82' title='bbox 1286 747 1294 755; x_wconf 91' lang='lat'>.</span> <span class='ocrx_word' id='word_1_83' title='bbox 1357 747 1364 755; x_wconf 94' lang='lat'>.</span> <span class='ocrx_word' id='word_1_84' title='bbox 1426 746 1436 755; x_wconf 87' lang='lat'>.</span> <span class='ocrx_word' id='word_1_85' title='bbox 1499 746 1506 753; x_wconf 92' lang='lat'><strong>.</strong></span> <span class='ocrx_word' id='word_1_86' title='bbox 1569 746 1576 753; x_wconf 90' lang='lat'>.</span> <span class='ocrx_word' id='word_1_87' title='bbox 1639 747 1646 753; x_wconf 91' lang='lat'>.</span> <span class='ocrx_word' id='word_1_88' title='bbox 1707 720 1774 753; x_wconf 72' lang='lat'>564</span> 
     </span>
    </p>

    <p class='ocr_par' dir='ltr' id='par_1_7' title="bbox 228 780 1772 825">
     <span class='ocr_line' id='line_1_9' title="bbox 228 780 1772 825; baseline -0.001 -11"><span class='ocrx_word' id='word_1_89' title='bbox 228 782 476 814; x_wconf 86' lang='lat' dir='ltr'>Theodorieus</span> <span class='ocrx_word' id='word_1_90' title='bbox 505 782 748 814; x_wconf 83' lang='lat' dir='ltr'>Gresmundus</span> <span class='ocrx_word' id='word_1_91' title='bbox 773 782 811 813; x_wconf 84' lang='lat' dir='ltr'>in</span> <span class='ocrx_word' id='word_1_92' title='bbox 836 781 979 813; x_wconf 81' lang='lat' dir='ltr'>laudem</span> <span class='ocrx_word' id='word_1_93' title='bbox 1006 784 1162 824; x_wconf 80' lang='lat' dir='ltr'>poeticae</span> <span class='ocrx_word' id='word_1_94' title='bbox 1188 783 1341 825; x_wconf 87' lang='lat' dir='ltr'>pietatis</span> <span class='ocrx_word' id='word_1_95' title='bbox 1367 788 1429 815; x_wconf 76' lang='lat' dir='ltr'>ete.</span> <span class='ocrx_word' id='word_1_96' title='bbox 1496 808 1504 815; x_wconf 91' lang='lat'><strong><em>.</em></strong></span> <span class='ocrx_word' id='word_1_97' title='bbox 1568 806 1575 813; x_wconf 89' lang='lat'>.</span> <span class='ocrx_word' id='word_1_98' title='bbox 1641 808 1648 815; x_wconf 91' lang='lat'>.</span> <span class='ocrx_word' id='word_1_99' title='bbox 1707 780 1772 814; x_wconf 89' lang='grc'>565</span> 
     </span>
    </p>

    <p class='ocr_par' dir='ltr' id='par_1_8' title="bbox 143 843 1773 878">
     <span class='ocr_line' id='line_1_10' title="bbox 143 843 1773 878; baseline 0 -2"><span class='ocrx_word' id='word_1_100' title='bbox 143 851 198 876; x_wconf 84' lang='lat' dir='ltr'>AD</span> <span class='ocrx_word' id='word_1_101' title='bbox 228 852 424 878; x_wconf 78' lang='lat' dir='ltr'>VOLVMEN</span> <span class='ocrx_word' id='word_1_102' title='bbox 453 852 532 877; x_wconf 91' lang='lat'>1111.</span> <span class='ocrx_word' id='word_1_103' title='bbox 577 868 584 876; x_wconf 96' lang='lat'>.</span> <span class='ocrx_word' id='word_1_104' title='bbox 648 869 655 876; x_wconf 91' lang='lat'>.</span> <span class='ocrx_word' id='word_1_105' title='bbox 719 868 726 876; x_wconf 95' lang='lat'>.</span> <span class='ocrx_word' id='word_1_106' title='bbox 789 869 797 876; x_wconf 93' lang='lat'>.</span> <span class='ocrx_word' id='word_1_107' title='bbox 860 869 867 876; x_wconf 94' lang='lat'>.</span> <span class='ocrx_word' id='word_1_108' title='bbox 931 869 938 876; x_wconf 96' lang='lat'>.</span> <span class='ocrx_word' id='word_1_109' title='bbox 1002 870 1008 876; x_wconf 93' lang='lat'>.</span> <span class='ocrx_word' id='word_1_110' title='bbox 1073 870 1079 876; x_wconf 95' lang='lat'>.</span> <span class='ocrx_word' id='word_1_111' title='bbox 1143 871 1149 876; x_wconf 90' lang='lat'>.</span> <span class='ocrx_word' id='word_1_112' title='bbox 1214 870 1220 877; x_wconf 91' lang='lat'>.</span> <span class='ocrx_word' id='word_1_113' title='bbox 1284 870 1291 877; x_wconf 94' lang='lat'>.</span> <span class='ocrx_word' id='word_1_114' title='bbox 1355 871 1361 876; x_wconf 95' lang='lat'>.</span> <span class='ocrx_word' id='word_1_115' title='bbox 1426 869 1433 876; x_wconf 91' lang='lat'>.</span> <span class='ocrx_word' id='word_1_116' title='bbox 1498 869 1504 876; x_wconf 96' lang='lat'>.</span> <span class='ocrx_word' id='word_1_117' title='bbox 1568 869 1575 876; x_wconf 92' lang='lat'>.</span> <span class='ocrx_word' id='word_1_118' title='bbox 1639 869 1645 876; x_wconf 94' lang='lat'>.</span> <span class='ocrx_word' id='word_1_119' title='bbox 1706 843 1773 875; x_wconf 85' lang='lat'>566</span> 
     </span>
    </p>

    <p class='ocr_par' dir='ltr' id='par_1_9' title="bbox 226 904 1772 947">
     <span class='ocr_line' id='line_1_11' title="bbox 226 904 1772 947; baseline -0.001 -10"><span class='ocrx_word' id='word_1_120' title='bbox 226 906 503 947; x_wconf 71' lang='lat' dir='ltr'>Bz&#39;blz&#39;oyraplzz‘ea</span> <span class='ocrx_word' id='word_1_121' title='bbox 527 906 758 946; x_wconf 77' lang='lat' dir='ltr'>supplementa</span> <span class='ocrx_word' id='word_1_122' title='bbox 857 930 864 937; x_wconf 90' lang='lat'>.</span> <span class='ocrx_word' id='word_1_123' title='bbox 929 929 935 936; x_wconf 92' lang='lat'>.</span> <span class='ocrx_word' id='word_1_124' title='bbox 998 929 1005 936; x_wconf 90' lang='lat'>.</span> <span class='ocrx_word' id='word_1_125' title='bbox 1068 930 1075 936; x_wconf 94' lang='lat'>.</span> <span class='ocrx_word' id='word_1_126' title='bbox 1139 931 1145 937; x_wconf 84' lang='lat'>.</span> <span class='ocrx_word' id='word_1_127' title='bbox 1210 929 1217 936; x_wconf 86' lang='lat'>.</span> <span class='ocrx_word' id='word_1_128' title='bbox 1281 931 1286 935; x_wconf 94' lang='lat'>.</span> <span class='ocrx_word' id='word_1_129' title='bbox 1354 930 1360 936; x_wconf 95' lang='lat'>.</span> <span class='ocrx_word' id='word_1_130' title='bbox 1422 931 1429 937; x_wconf 90' lang='lat'>.</span> <span class='ocrx_word' id='word_1_131' title='bbox 1495 929 1502 936; x_wconf 88' lang='lat'>.</span> <span class='ocrx_word' id='word_1_132' title='bbox 1566 929 1572 935; x_wconf 93' lang='lat'>.</span> <span class='ocrx_word' id='word_1_133' title='bbox 1638 932 1644 938; x_wconf 91' lang='lat'>.</span> <span class='ocrx_word' id='word_1_134' title='bbox 1706 904 1772 936; x_wconf 84' lang='lat'>566</span> 
     </span>
    </p>

    <p class='ocr_par' dir='ltr' id='par_1_10' title="bbox 142 966 1771 1006">
     <span class='ocr_line' id='line_1_12' title="bbox 142 966 1771 1006; baseline -0.002 -4"><span class='ocrx_word' id='word_1_135' title='bbox 142 975 196 1001; x_wconf 84' lang='lat' dir='ltr'>AD</span> <span class='ocrx_word' id='word_1_136' title='bbox 228 975 420 1002; x_wconf 76' lang='lat' dir='ltr'>VOLVMEN</span> <span class='ocrx_word' id='word_1_137' title='bbox 448 975 486 1001; x_wconf 90' lang='lat' dir='ltr'>v.</span> <span class='ocrx_word' id='word_1_138' title='bbox 585 992 592 999; x_wconf 91' lang='lat'>.</span> <span class='ocrx_word' id='word_1_139' title='bbox 656 992 662 998; x_wconf 93' lang='lat'>.</span> <span class='ocrx_word' id='word_1_140' title='bbox 726 992 733 998; x_wconf 94' lang='lat'>.</span> <span class='ocrx_word' id='word_1_141' title='bbox 796 992 803 999; x_wconf 91' lang='lat'>.</span> <span class='ocrx_word' id='word_1_142' title='bbox 866 992 873 998; x_wconf 97' lang='lat'>.</span> <span class='ocrx_word' id='word_1_143' title='bbox 936 990 944 998; x_wconf 92' lang='lat'>.</span> <span class='ocrx_word' id='word_1_144' title='bbox 1007 993 1014 999; x_wconf 90' lang='lat'>.</span> <span class='ocrx_word' id='word_1_145' title='bbox 1078 993 1084 999; x_wconf 89' lang='lat'>.</span> <span class='ocrx_word' id='word_1_146' title='bbox 1148 993 1154 999; x_wconf 92' lang='lat'>.</span> <span class='ocrx_word' id='word_1_147' title='bbox 1218 993 1225 999; x_wconf 96' lang='lat'>.</span> <span class='ocrx_word' id='word_1_148' title='bbox 1288 993 1295 999; x_wconf 90' lang='lat'>.</span> <span class='ocrx_word' id='word_1_149' title='bbox 1359 993 1365 999; x_wconf 95' lang='lat'>.</span> <span class='ocrx_word' id='word_1_150' title='bbox 1429 993 1436 1000; x_wconf 94' lang='lat'>.</span> <span class='ocrx_word' id='word_1_151' title='bbox 1498 992 1505 999; x_wconf 92' lang='lat'>.</span> <span class='ocrx_word' id='word_1_152' title='bbox 1569 992 1575 998; x_wconf 95' lang='lat'>.</span> <span class='ocrx_word' id='word_1_153' title='bbox 1637 993 1646 1006; x_wconf 93' lang='lat'>‚</span> <span class='ocrx_word' id='word_1_154' title='bbox 1706 966 1771 998; x_wconf 84' lang='lat'>567</span> 
     </span>
    </p>

    <p class='ocr_par' dir='ltr' id='par_1_11' title="bbox 226 1022 1770 1072">
     <span class='ocr_line' id='line_1_13' title="bbox 226 1022 1770 1072; baseline -0.002 -10"><span class='ocrx_word' id='word_1_155' title='bbox 226 1030 286 1070; x_wconf 65' lang='lat' dir='ltr'>gnta</span> <span class='ocrx_word' id='word_1_156' title='bbox 312 1029 518 1072; x_wconf 63' lang='lat' dir='ltr'>[djmcbifdyeu</span> <span class='ocrx_word' id='word_1_157' title='bbox 543 1032 663 1069; x_wconf 64' lang='lat' dir='ltr'>numne</span> <span class='ocrx_word' id='word_1_158' title='bbox 688 1024 809 1069; x_wconf 54' lang='lat' dir='ltr'>§3231OE</span> <span class='ocrx_word' id='word_1_159' title='bbox 836 1028 880 1061; x_wconf 81' lang='lat' dir='ltr'>im</span> <span class='ocrx_word' id='word_1_160' title='bbox 907 1029 997 1061; x_wconf 69' lang='lat' dir='ltr'>luunt</span> <span class='ocrx_word' id='word_1_161' title='bbox 1019 1022 1057 1068; x_wconf 65' lang='lat'>31⁰1</span> <span class='ocrx_word' id='word_1_162' title='bbox 1081 1027 1292 1069; x_wconf 67' lang='lat' dir='ltr'>wirtenlmrfl</span> <span class='ocrx_word' id='word_1_163' title='bbox 1319 1037 1357 1062; x_wconf 62' lang='lat' dir='ltr'>et.</span> <span class='ocrx_word' id='word_1_164' title='bbox 1387 1027 1482 1060; x_wconf 77' lang='grc'>1519.</span> <span class='ocrx_word' id='word_1_165' title='bbox 1568 1055 1575 1061; x_wconf 95' lang='grc'>.</span> <span class='ocrx_word' id='word_1_166' title='bbox 1638 1053 1644 1060; x_wconf 91' lang='grc'>.</span> <span class='ocrx_word' id='word_1_167' title='bbox 1705 1027 1770 1060; x_wconf 89' lang='grc'>567</span> 
     </span>
    </p>

    <p class='ocr_par' dir='ltr' id='par_1_12' title="bbox 141 1089 1771 1125">
     <span class='ocr_line' id='line_1_14' title="bbox 141 1089 1771 1125; baseline -0.001 -2"><span class='ocrx_word' id='word_1_168' title='bbox 141 1098 395 1124; x_wconf 78' lang='lat' dir='ltr'>EMENDANDA</span> <span class='ocrx_word' id='word_1_169' title='bbox 424 1099 468 1124; x_wconf 80' lang='lat' dir='ltr'>IN</span> <span class='ocrx_word' id='word_1_170' title='bbox 496 1097 775 1125; x_wconf 74' lang='lat' dir='ltr'>VOLVMINIBVS</span> <span class='ocrx_word' id='word_1_171' title='bbox 808 1098 833 1122; x_wconf 92' lang='lat'>1.</span> <span class='ocrx_word' id='word_1_172' title='bbox 856 1097 900 1122; x_wconf 90' lang='lat'>11.</span> <span class='ocrx_word' id='word_1_173' title='bbox 923 1098 985 1123; x_wconf 89' lang='lat'>111.</span> <span class='ocrx_word' id='word_1_174' title='bbox 1008 1099 1045 1124; x_wconf 88' lang='lat' dir='ltr'>v.</span> <span class='ocrx_word' id='word_1_175' title='bbox 1145 1115 1152 1123; x_wconf 92' lang='lat'>.</span> <span class='ocrx_word' id='word_1_176' title='bbox 1216 1115 1223 1122; x_wconf 94' lang='lat'>.</span> <span class='ocrx_word' id='word_1_177' title='bbox 1286 1115 1293 1122; x_wconf 92' lang='lat'>.</span> <span class='ocrx_word' id='word_1_178' title='bbox 1356 1115 1364 1123; x_wconf 92' lang='lat'>.</span> <span class='ocrx_word' id='word_1_179' title='bbox 1426 1115 1433 1122; x_wconf 89' lang='lat'><em>.</em></span> <span class='ocrx_word' id='word_1_180' title='bbox 1497 1117 1503 1123; x_wconf 93' lang='lat'>.</span> <span class='ocrx_word' id='word_1_181' title='bbox 1567 1114 1574 1121; x_wconf 90' lang='lat'>.</span> <span class='ocrx_word' id='word_1_182' title='bbox 1638 1115 1645 1122; x_wconf 92' lang='lat'>.</span> <span class='ocrx_word' id='word_1_183' title='bbox 1705 1089 1771 1121; x_wconf 89' lang='lat'>577</span> 
     </span>
    </p>
   </div>
   <div class='ocr_carea' id='block_1_3' title="bbox 672 1523 1146 1560">
    <p class='ocr_par' dir='ltr' id='par_1_13' title="bbox 672 1523 1146 1560">
     <span class='ocr_line' id='line_1_15' title="bbox 672 1523 1146 1560; baseline -0.002 -1"><span class='ocrx_word' id='word_1_184' title='bbox 672 1523 878 1560; x_wconf 88' lang='lat' dir='ltr'>ACCESSIO</span> <span class='ocrx_word' id='word_1_185' title='bbox 909 1523 1146 1559; x_wconf 84' lang='lat' dir='ltr'>SVBITARIA.</span> 
     </span>
    </p>
   </div>
   <div class='ocr_carea' id='block_1_4' title="bbox 4 1644 1769 2983">
    <p class='ocr_par' dir='ltr' id='par_1_14' title="bbox 4 1644 1769 2983">
     <span class='ocr_line' id='line_1_16' title="bbox 142 1644 1768 1689; baseline -0.001 -11"><span class='ocrx_word' id='word_1_186' title='bbox 142 1646 354 1689; x_wconf 80' lang='lat' dir='ltr'>Supremam</span> <span class='ocrx_word' id='word_1_187' title='bbox 386 1646 470 1678; x_wconf 88' lang='lat' dir='ltr'>huic</span> <span class='ocrx_word' id='word_1_188' title='bbox 500 1645 677 1678; x_wconf 86' lang='lat' dir='ltr'>volumini</span> <span class='ocrx_word' id='word_1_189' title='bbox 710 1644 848 1677; x_wconf 89' lang='lat' dir='ltr'>edendo</span> <span class='ocrx_word' id='word_1_190' title='bbox 880 1655 1024 1676; x_wconf 85' lang='lat' dir='ltr'>manum</span> <span class='ocrx_word' id='word_1_191' title='bbox 1057 1644 1267 1675; x_wconf 83' lang='lat' dir='ltr'>adhibuisse</span> <span class='ocrx_word' id='word_1_192' title='bbox 1300 1646 1532 1685; x_wconf 78' lang='lat' dir='ltr'>putaveram,</span> <span class='ocrx_word' id='word_1_193' title='bbox 1569 1654 1649 1675; x_wconf 85' lang='lat' dir='ltr'>cum</span> <span class='ocrx_word' id='word_1_194' title='bbox 1681 1655 1768 1676; x_wconf 83' lang='lat' dir='ltr'>ecce</span> 
     </span>
     <span class='ocr_line' id='line_1_17' title="bbox 52 1699 1768 1745; baseline -0.001 -11"><span class='ocrx_word' id='word_1_195' title='bbox 52 1702 277 1745; x_wconf 80' lang='lat' dir='ltr'>insperatus,</span> <span class='ocrx_word' id='word_1_196' title='bbox 312 1703 476 1745; x_wconf 87' lang='lat' dir='ltr'>quamvis</span> <span class='ocrx_word' id='word_1_197' title='bbox 504 1701 798 1744; x_wconf 78' lang='lat' dir='ltr'>exoptatissimus</span> <span class='ocrx_word' id='word_1_198' title='bbox 825 1701 1031 1732; x_wconf 86' lang='lat' dir='ltr'>adferretur</span> <span class='ocrx_word' id='word_1_199' title='bbox 1062 1701 1211 1731; x_wconf 87' lang='lat' dir='ltr'>nuntius</span> <span class='ocrx_word' id='word_1_200' title='bbox 1237 1700 1469 1739; x_wconf 81' lang='lat' dir='ltr'>Turicensis‚</span> <span class='ocrx_word' id='word_1_201' title='bbox 1506 1699 1688 1742; x_wconf 81' lang='lat' dir='ltr'>exempla,</span> <span class='ocrx_word' id='word_1_202' title='bbox 1725 1700 1768 1732; x_wconf 90' lang='lat' dir='ltr'>de</span> 
     </span>
     <span class='ocr_line' id='line_1_18' title="bbox 53 1755 1767 1800; baseline -0.001 -11"><span class='ocrx_word' id='word_1_203' title='bbox 53 1759 180 1800; x_wconf 86' lang='lat' dir='ltr'>quibus</span> <span class='ocrx_word' id='word_1_204' title='bbox 197 1759 312 1791; x_wconf 84' lang='lat' dir='ltr'>Indic.</span> <span class='ocrx_word' id='word_1_205' title='bbox 333 1759 501 1800; x_wconf 83' lang='lat' dir='ltr'>bibliogr.</span> <span class='ocrx_word' id='word_1_206' title='bbox 520 1759 622 1789; x_wconf 87' lang='lat' dir='ltr'>Hutt.</span> <span class='ocrx_word' id='word_1_207' title='bbox 643 1768 738 1789; x_wconf 89' lang='lat' dir='ltr'>num.</span> <span class='ocrx_word' id='word_1_208' title='bbox 758 1758 854 1790; x_wconf 91' lang='lat' dir='ltr'>XIX.</span> <span class='ocrx_word' id='word_1_209' title='bbox 872 1757 1023 1788; x_wconf 85' lang='lat' dir='ltr'>XXIIII.</span> <span class='ocrx_word' id='word_1_210' title='bbox 1043 1757 1074 1788; x_wconf 86' lang='grc'>5.</span> <span class='ocrx_word' id='word_1_211' title='bbox 1094 1757 1276 1789; x_wconf 76' lang='lat' dir='ltr'>XXXVII.</span> <span class='ocrx_word' id='word_1_212' title='bbox 1295 1756 1334 1789; x_wconf 88' lang='lat' dir='ltr'>A.</span> <span class='ocrx_word' id='word_1_213' title='bbox 1355 1755 1511 1798; x_wconf 86' lang='lat' dir='ltr'>aliisque</span> <span class='ocrx_word' id='word_1_214' title='bbox 1529 1755 1621 1787; x_wconf 76' lang='lat' dir='ltr'>locIs</span> <span class='ocrx_word' id='word_1_215' title='bbox 1646 1756 1683 1787; x_wconf 90' lang='lat' dir='ltr'>in</span> <span class='ocrx_word' id='word_1_216' title='bbox 1709 1767 1767 1788; x_wconf 87' lang='lat' dir='ltr'>oc-</span> 
     </span>
     <span class='ocr_line' id='line_1_19' title="bbox 52 1812 1769 1856; baseline -0.001 -9"><span class='ocrx_word' id='word_1_217' title='bbox 52 1815 149 1847; x_wconf 84' lang='lat' dir='ltr'>culto</span> <span class='ocrx_word' id='word_1_218' title='bbox 167 1816 289 1847; x_wconf 85' lang='lat' dir='ltr'>iacere</span> <span class='ocrx_word' id='word_1_219' title='bbox 315 1814 551 1856; x_wconf 83' lang='lat' dir='ltr'>deperditave</span> <span class='ocrx_word' id='word_1_220' title='bbox 580 1824 659 1845; x_wconf 88' lang='lat' dir='ltr'>esse</span> <span class='ocrx_word' id='word_1_221' title='bbox 686 1824 782 1856; x_wconf 78' lang='lat' dir='ltr'>aegre</span> <span class='ocrx_word' id='word_1_222' title='bbox 809 1814 950 1855; x_wconf 90' lang='lat' dir='ltr'>scripsi,</span> <span class='ocrx_word' id='word_1_223' title='bbox 977 1814 1050 1844; x_wconf 87' lang='lat' dir='ltr'>iam</span> <span class='ocrx_word' id='word_1_224' title='bbox 1076 1813 1179 1845; x_wconf 88' lang='lat' dir='ltr'>felici</span> <span class='ocrx_word' id='word_1_225' title='bbox 1198 1823 1285 1844; x_wconf 82' lang='lat' dir='ltr'>cura</span> <span class='ocrx_word' id='word_1_226' title='bbox 1302 1812 1539 1844; x_wconf 64' lang='lat' dir='ltr'>bibliothecae</span> <span class='ocrx_word' id='word_1_227' title='bbox 1557 1813 1769 1845; x_wconf 82' lang='lat' dir='ltr'>Turicensis</span> 
     </span>
     <span class='ocr_line' id='line_1_20' title="bbox 50 1868 1768 1913; baseline -0.001 -11"><span class='ocrx_word' id='word_1_228' title='bbox 50 1871 220 1913; x_wconf 62' lang='lat' dir='ltr'>praefecti</span> <span class='ocrx_word' id='word_1_229' title='bbox 244 1881 277 1904; x_wconf 88' lang='lat' dir='ltr'>v.</span> <span class='ocrx_word' id='word_1_230' title='bbox 297 1871 341 1903; x_wconf 91' lang='lat' dir='ltr'>cl.</span> <span class='ocrx_word' id='word_1_231' title='bbox 360 1871 518 1903; x_wconf 80' lang='lat' dir='ltr'>Homeri</span> <span class='ocrx_word' id='word_1_232' title='bbox 543 1873 690 1912; x_wconf 85' lang='lat' dir='ltr'>reperta</span> <span class='ocrx_word' id='word_1_233' title='bbox 716 1880 806 1901; x_wconf 89' lang='lat' dir='ltr'>esse.</span> <span class='ocrx_word' id='word_1_234' title='bbox 834 1868 894 1911; x_wconf 89' lang='lat' dir='ltr'>qui</span> <span class='ocrx_word' id='word_1_235' title='bbox 919 1870 975 1901; x_wconf 87' lang='lat' dir='ltr'>vir</span> <span class='ocrx_word' id='word_1_236' title='bbox 999 1869 1280 1901; x_wconf 87' lang='lat' dir='ltr'>humanissimus</span> <span class='ocrx_word' id='word_1_237' title='bbox 1308 1880 1328 1900; x_wconf 87' lang='lat' dir='ltr'>a</span> <span class='ocrx_word' id='word_1_238' title='bbox 1354 1880 1409 1900; x_wconf 88' lang='lat' dir='ltr'>me</span> <span class='ocrx_word' id='word_1_239' title='bbox 1436 1872 1596 1911; x_wconf 80' lang='lat' dir='ltr'>rogatus,</span> <span class='ocrx_word' id='word_1_240' title='bbox 1625 1879 1695 1911; x_wconf 84' lang='lat' dir='ltr'>qua</span> <span class='ocrx_word' id='word_1_241' title='bbox 1713 1872 1768 1901; x_wconf 81' lang='lat' dir='ltr'>est</span> 
     </span>
     <span class='ocr_line' id='line_1_21' title="bbox 50 1924 1767 1967; baseline -0.001 -9"><span class='ocrx_word' id='word_1_242' title='bbox 50 1926 286 1966; x_wconf 81' lang='lat' dir='ltr'>liberalitate,</span> <span class='ocrx_word' id='word_1_243' title='bbox 314 1928 500 1960; x_wconf 89' lang='lat' dir='ltr'>inventum</span> <span class='ocrx_word' id='word_1_244' title='bbox 525 1926 735 1958; x_wconf 85' lang='lat' dir='ltr'>thesaurum</span> <span class='ocrx_word' id='word_1_245' title='bbox 760 1927 849 1957; x_wconf 89' lang='lat' dir='ltr'>meis</span> <span class='ocrx_word' id='word_1_246' title='bbox 875 1926 1000 1957; x_wconf 80' lang='lat' dir='ltr'>usibus</span> <span class='ocrx_word' id='word_1_247' title='bbox 1025 1926 1201 1967; x_wconf 78' lang='lat' dir='ltr'>permisit,</span> <span class='ocrx_word' id='word_1_248' title='bbox 1249 1926 1306 1964; x_wconf 90' lang='lat' dir='ltr'>At,</span> <span class='ocrx_word' id='word_1_249' title='bbox 1334 1928 1374 1956; x_wconf 87' lang='lat' dir='ltr'>ut</span> <span class='ocrx_word' id='word_1_250' title='bbox 1398 1924 1491 1956; x_wconf 84' lang='lat' dir='ltr'>nihil</span> <span class='ocrx_word' id='word_1_251' title='bbox 1518 1928 1572 1956; x_wconf 85' lang='lat' dir='ltr'>est</span> <span class='ocrx_word' id='word_1_252' title='bbox 1599 1925 1644 1957; x_wconf 84' lang='lat' dir='ltr'>ab</span> <span class='ocrx_word' id='word_1_253' title='bbox 1671 1926 1767 1957; x_wconf 88' lang='lat' dir='ltr'>omni</span> 
     </span>
     <span class='ocr_line' id='line_1_22' title="bbox 50 1981 1763 2025; baseline -0.001 -10"><span class='ocrx_word' id='word_1_254' title='bbox 50 1986 154 2025; x_wconf 86' lang='lat' dir='ltr'>parte</span> <span class='ocrx_word' id='word_1_255' title='bbox 180 1983 347 2022; x_wconf 87' lang='lat' dir='ltr'>beatum,</span> <span class='ocrx_word' id='word_1_256' title='bbox 375 1983 538 2025; x_wconf 88' lang='lat' dir='ltr'>quamvis</span> <span class='ocrx_word' id='word_1_257' title='bbox 566 1982 685 2014; x_wconf 82' lang='lat' dir='ltr'>avidis</span> <span class='ocrx_word' id='word_1_258' title='bbox 712 1982 825 2014; x_wconf 84' lang='lat' dir='ltr'>oculis</span> <span class='ocrx_word' id='word_1_259' title='bbox 850 1982 1112 2023; x_wconf 77' lang='lat' dir='ltr'>perlustrarem</span> <span class='ocrx_word' id='word_1_260' title='bbox 1138 1982 1216 2012; x_wconf 91' lang='lat' dir='ltr'>fere</span> <span class='ocrx_word' id='word_1_261' title='bbox 1244 1981 1484 2012; x_wconf 85' lang='lat' dir='ltr'>trementibus</span> <span class='ocrx_word' id='word_1_262' title='bbox 1509 1981 1678 2013; x_wconf 87' lang='lat' dir='ltr'>manibus</span> <span class='ocrx_word' id='word_1_263' title='bbox 1703 1992 1763 2013; x_wconf 84' lang='lat' dir='ltr'>vo-</span> 
     </span>
     <span class='ocr_line' id='line_1_23' title="bbox 49 2037 1766 2079; baseline -0.001 -9"><span class='ocrx_word' id='word_1_264' title='bbox 49 2039 204 2071; x_wconf 83' lang='lat' dir='ltr'>lutatum</span> <span class='ocrx_word' id='word_1_265' title='bbox 229 2039 434 2071; x_wconf 88' lang='lat' dir='ltr'>libellorum</span> <span class='ocrx_word' id='word_1_266' title='bbox 461 2049 649 2078; x_wconf 82' lang='lat' dir='ltr'>acervum,</span> <span class='ocrx_word' id='word_1_267' title='bbox 684 2038 714 2070; x_wconf 89' lang='lat' dir='ltr'>is</span> <span class='ocrx_word' id='word_1_268' title='bbox 746 2049 816 2070; x_wconf 89' lang='lat' dir='ltr'>non</span> <span class='ocrx_word' id='word_1_269' title='bbox 851 2037 1064 2070; x_wconf 82' lang='lat' dir='ltr'>continebat</span> <span class='ocrx_word' id='word_1_270' title='bbox 1089 2037 1125 2068; x_wconf 90' lang='lat' dir='ltr'>id</span> <span class='ocrx_word' id='word_1_271' title='bbox 1153 2037 1358 2079; x_wconf 83' lang='lat' dir='ltr'>exemplum</span> <span class='ocrx_word' id='word_1_272' title='bbox 1384 2037 1591 2078; x_wconf 86' lang='lat' dir='ltr'>Triumphi,</span> <span class='ocrx_word' id='word_1_273' title='bbox 1627 2037 1671 2069; x_wconf 91' lang='lat' dir='ltr'>de</span> <span class='ocrx_word' id='word_1_274' title='bbox 1698 2048 1766 2079; x_wconf 85' lang='lat' dir='ltr'>quo</span> 
     </span>
     <span class='ocr_line' id='line_1_24' title="bbox 49 2093 1765 2137; baseline -0.001 -10"><span class='ocrx_word' id='word_1_275' title='bbox 49 2096 154 2129; x_wconf 86' lang='lat' dir='ltr'>Hutt.</span> <span class='ocrx_word' id='word_1_276' title='bbox 172 2106 254 2137; x_wconf 87' lang='lat' dir='ltr'>opp.</span> <span class='ocrx_word' id='word_1_277' title='bbox 274 2096 302 2127; x_wconf 91' lang='grc' dir='ltr'>Ι.</span> <span class='ocrx_word' id='word_1_278' title='bbox 322 2107 356 2137; x_wconf 91' lang='lat' dir='ltr'>p.</span> <span class='ocrx_word' id='word_1_279' title='bbox 376 2094 451 2128; x_wconf 79' lang='lat'>236.</span> <span class='ocrx_word' id='word_1_280' title='bbox 472 2098 508 2126; x_wconf 83' lang='lat' dir='ltr'>et</span> <span class='ocrx_word' id='word_1_281' title='bbox 533 2096 598 2126; x_wconf 93' lang='lat' dir='ltr'>III.</span> <span class='ocrx_word' id='word_1_282' title='bbox 618 2107 651 2137; x_wconf 83' lang='lat' dir='ltr'>p.</span> <span class='ocrx_word' id='word_1_283' title='bbox 671 2094 748 2126; x_wconf 80' lang='lat'>415.</span> <span class='ocrx_word' id='word_1_284' title='bbox 769 2094 845 2125; x_wconf 76' lang='lat' dir='ltr'>dixi</span> <span class='ocrx_word' id='word_1_285' title='bbox 869 2095 1071 2125; x_wconf 88' lang='lat' dir='ltr'>Huttenum</span> <span class='ocrx_word' id='word_1_286' title='bbox 1096 2093 1269 2125; x_wconf 81' lang='lat' dir='ltr'>Miinchio</span> <span class='ocrx_word' id='word_1_287' title='bbox 1295 2096 1407 2133; x_wconf 89' lang='lat' dir='ltr'>teste⁷</span> <span class='ocrx_word' id='word_1_288' title='bbox 1443 2093 1506 2124; x_wconf 90' lang='lat' dir='ltr'>sed</span> <span class='ocrx_word' id='word_1_289' title='bbox 1537 2102 1663 2134; x_wconf 83' lang='lat' dir='ltr'>parum</span> <span class='ocrx_word' id='word_1_290' title='bbox 1696 2093 1765 2125; x_wconf 85' lang='lat' dir='ltr'>fide</span> 
     </span>
     <span class='ocr_line' id='line_1_25' title="bbox 49 2148 1765 2193; baseline -0.002 -10"><span class='ocrx_word' id='word_1_291' title='bbox 49 2152 169 2193; x_wconf 83' lang='lat' dir='ltr'>digno,</span> <span class='ocrx_word' id='word_1_292' title='bbox 198 2162 263 2183; x_wconf 84' lang='lat' dir='ltr'>sua</span> <span class='ocrx_word' id='word_1_293' title='bbox 280 2162 390 2183; x_wconf 85' lang='lat' dir='ltr'>manu</span> <span class='ocrx_word' id='word_1_294' title='bbox 414 2162 478 2193; x_wconf 86' lang='lat' dir='ltr'>pro</span> <span class='ocrx_word' id='word_1_295' title='bbox 505 2151 626 2183; x_wconf 89' lang='lat' dir='ltr'>deleto</span> <span class='ocrx_word' id='word_1_296' title='bbox 652 2152 798 2182; x_wconf 88' lang='lat' dir='ltr'>nomine</span> <span class='ocrx_word' id='word_1_297' title='bbox 827 2150 1048 2182; x_wconf 80' lang='lat' dir='ltr'>‘Eleutherio</span> <span class='ocrx_word' id='word_1_298' title='bbox 1067 2150 1222 2190; x_wconf 79' lang='lat' dir='ltr'>Byzeno&#39;</span> <span class='ocrx_word' id='word_1_299' title='bbox 1250 2149 1490 2191; x_wconf 80' lang='lat' dir='ltr'>adscripsisse</span> <span class='ocrx_word' id='word_1_300' title='bbox 1519 2148 1657 2180; x_wconf 87' lang='lat' dir='ltr'>‘Ulrich</span> <span class='ocrx_word' id='word_1_301' title='bbox 1675 2150 1765 2181; x_wconf 85' lang='lat' dir='ltr'>Hut-</span> 
     </span>
     <span class='ocr_line' id='line_1_26' title="bbox 49 2205 1763 2249; baseline -0.002 -9"><span class='ocrx_word' id='word_1_302' title='bbox 49 2212 110 2241; x_wconf 81' lang='lat' dir='ltr'>ten</span> <span class='ocrx_word' id='word_1_303' title='bbox 144 2210 301 2249; x_wconf 75' lang='lat' dir='ltr'>autore&#39;3</span> <span class='ocrx_word' id='word_1_304' title='bbox 342 2218 467 2240; x_wconf 87' lang='lat' dir='ltr'>verum</span> <span class='ocrx_word' id='word_1_305' title='bbox 499 2209 536 2239; x_wconf 88' lang='lat' dir='ltr'>in</span> <span class='ocrx_word' id='word_1_306' title='bbox 568 2208 705 2239; x_wconf 87' lang='lat' dir='ltr'>duobus</span> <span class='ocrx_word' id='word_1_307' title='bbox 741 2210 838 2238; x_wconf 83' lang='lat' dir='ltr'>certe</span> <span class='ocrx_word' id='word_1_308' title='bbox 872 2206 1059 2248; x_wconf 86' lang='lat' dir='ltr'>Triumphi</span> <span class='ocrx_word' id='word_1_309' title='bbox 1098 2205 1273 2247; x_wconf 78' lang='lat' dir='ltr'>exemplis</span> <span class='ocrx_word' id='word_1_310' title='bbox 1307 2205 1443 2246; x_wconf 85' lang='lat' dir='ltr'>(Indic.</span> <span class='ocrx_word' id='word_1_311' title='bbox 1471 2205 1763 2247; x_wconf 78' lang='lat' dir='ltr'>bibliogr.Hutt.</span> 
     </span>
     <span class='ocr_line' id='line_1_27' title="bbox 48 2261 1764 2306; baseline -0.002 -10"><span class='ocrx_word' id='word_1_312' title='bbox 48 2276 81 2296; x_wconf 88' lang='lat' dir='ltr'>n.</span> <span class='ocrx_word' id='word_1_313' title='bbox 100 2265 195 2298; x_wconf 90' lang='lat' dir='ltr'>XVI.</span> <span class='ocrx_word' id='word_1_314' title='bbox 212 2264 274 2306; x_wconf 79' lang='lat'>2.)‚</span> <span class='ocrx_word' id='word_1_315' title='bbox 301 2275 380 2306; x_wconf 87' lang='lat' dir='ltr'>quae</span> <span class='ocrx_word' id='word_1_316' title='bbox 405 2264 616 2296; x_wconf 86' lang='lat' dir='ltr'>Turicensis</span> <span class='ocrx_word' id='word_1_317' title='bbox 642 2263 870 2296; x_wconf 83' lang='lat' dir='ltr'>bibliotheca</span> <span class='ocrx_word' id='word_1_318' title='bbox 895 2273 990 2294; x_wconf 84' lang='lat' dir='ltr'>nunc</span> <span class='ocrx_word' id='word_1_319' title='bbox 1016 2263 1054 2293; x_wconf 92' lang='lat' dir='ltr'>in</span> <span class='ocrx_word' id='word_1_320' title='bbox 1079 2265 1245 2304; x_wconf 88' lang='lat' dir='ltr'>promptu</span> <span class='ocrx_word' id='word_1_321' title='bbox 1269 2261 1393 2302; x_wconf 87' lang='lat' dir='ltr'>habet,</span> <span class='ocrx_word' id='word_1_322' title='bbox 1423 2262 1646 2293; x_wconf 85' lang='lat' dir='ltr'>eiuscemodi</span> <span class='ocrx_word' id='word_1_323' title='bbox 1672 2262 1764 2293; x_wconf 88' lang='lat' dir='ltr'>nihil</span> 
     </span>
     <span class='ocr_line' id='line_1_28' title="bbox 50 2318 1766 2362; baseline -0.002 -10"><span class='ocrx_word' id='word_1_324' title='bbox 50 2321 273 2362; x_wconf 86' lang='lat' dir='ltr'>adscriptum</span> <span class='ocrx_word' id='word_1_325' title='bbox 300 2331 380 2352; x_wconf 86' lang='lat' dir='ltr'>esse</span> <span class='ocrx_word' id='word_1_326' title='bbox 405 2321 609 2352; x_wconf 83' lang='lat' dir='ltr'>nuntiatum</span> <span class='ocrx_word' id='word_1_327' title='bbox 637 2323 704 2352; x_wconf 85' lang='lat' dir='ltr'>est.</span> <span class='ocrx_word' id='word_1_328' title='bbox 753 2320 806 2351; x_wconf 90' lang='lat' dir='ltr'>Ne</span> <span class='ocrx_word' id='word_1_329' title='bbox 838 2329 924 2351; x_wconf 89' lang='lat' dir='ltr'>vero</span> <span class='ocrx_word' id='word_1_330' title='bbox 955 2319 1093 2361; x_wconf 79' lang='lat' dir='ltr'>ingrati</span> <span class='ocrx_word' id='word_1_331' title='bbox 1125 2319 1237 2350; x_wconf 86' lang='lat' dir='ltr'>animi</span> <span class='ocrx_word' id='word_1_332' title='bbox 1275 2328 1498 2357; x_wconf 82' lang='lat' dir='ltr'>accusemur,</span> <span class='ocrx_word' id='word_1_333' title='bbox 1533 2318 1579 2349; x_wconf 85' lang='lat' dir='ltr'>ab</span> <span class='ocrx_word' id='word_1_334' title='bbox 1614 2318 1766 2350; x_wconf 85' lang='lat' dir='ltr'>interitu</span> 
     </span>
     <span class='ocr_line' id='line_1_29' title="bbox 48 2373 1765 2419; baseline -0.003 -9"><span class='ocrx_word' id='word_1_335' title='bbox 48 2377 239 2410; x_wconf 88' lang='lat' dir='ltr'>vindicata</span> <span class='ocrx_word' id='word_1_336' title='bbox 265 2376 489 2419; x_wconf 80' lang='lat' dir='ltr'>exemplaria</span> <span class='ocrx_word' id='word_1_337' title='bbox 515 2387 624 2419; x_wconf 82' lang='lat' dir='ltr'>supra</span> <span class='ocrx_word' id='word_1_338' title='bbox 649 2376 815 2408; x_wconf 84' lang='lat' dir='ltr'>indicata</span> <span class='ocrx_word' id='word_1_339' title='bbox 841 2376 913 2407; x_wconf 86' lang='lat' dir='ltr'>tria.</span> <span class='ocrx_word' id='word_1_340' title='bbox 940 2386 1019 2407; x_wconf 89' lang='lat' dir='ltr'>cum</span> <span class='ocrx_word' id='word_1_341' title='bbox 1046 2375 1207 2406; x_wconf 83' lang='lat' dir='ltr'>editione</span> <span class='ocrx_word' id='word_1_342' title='bbox 1233 2376 1359 2405; x_wconf 86' lang='lat' dir='ltr'>nostra</span> <span class='ocrx_word' id='word_1_343' title='bbox 1392 2373 1588 2415; x_wconf 83' lang='lat' dir='ltr'>diligenter</span> <span class='ocrx_word' id='word_1_344' title='bbox 1621 2385 1765 2416; x_wconf 85' lang='lat' dir='ltr'>eompa-</span> 
     </span>
     <span class='ocr_line' id='line_1_30' title="bbox 48 2430 1763 2475; baseline -0.003 -9"><span class='ocrx_word' id='word_1_345' title='bbox 48 2434 224 2473; x_wconf 82' lang='lat' dir='ltr'>ravimus,</span> <span class='ocrx_word' id='word_1_346' title='bbox 259 2443 374 2474; x_wconf 84' lang='lat' dir='ltr'>eaque</span> <span class='ocrx_word' id='word_1_347' title='bbox 401 2443 480 2475; x_wconf 75' lang='lat' dir='ltr'>quae</span> <span class='ocrx_word' id='word_1_348' title='bbox 504 2433 734 2472; x_wconf 86' lang='lat' dir='ltr'>Miinehium,</span> <span class='ocrx_word' id='word_1_349' title='bbox 767 2431 996 2464; x_wconf 87' lang='lat' dir='ltr'>incredibilis</span> <span class='ocrx_word' id='word_1_350' title='bbox 1024 2434 1059 2463; x_wconf 90' lang='lat' dir='ltr'>et</span> <span class='ocrx_word' id='word_1_351' title='bbox 1083 2431 1331 2474; x_wconf 63' lang='lat' dir='ltr'>neglegentiae</span> <span class='ocrx_word' id='word_1_352' title='bbox 1359 2432 1394 2461; x_wconf 86' lang='lat' dir='ltr'>et</span> <span class='ocrx_word' id='word_1_353' title='bbox 1418 2432 1598 2471; x_wconf 85' lang='lat' dir='ltr'>protervae</span> <span class='ocrx_word' id='word_1_354' title='bbox 1623 2430 1763 2462; x_wconf 84' lang='lat' dir='ltr'>iaetan-</span> 
     </span>
     <span class='ocr_line' id='line_1_31' title="bbox 4 2482 1764 2531; baseline -0.002 -9"><span class='ocrx_word' id='word_1_355' title='bbox 4 2482 11 2490; x_wconf 71' lang='grc'><strong>’</strong></span> <span class='ocrx_word' id='word_1_356' title='bbox 47 2491 109 2522; x_wconf 76' lang='lat' dir='ltr'>tiae</span> <span class='ocrx_word' id='word_1_357' title='bbox 135 2490 329 2530; x_wconf 89' lang='lat' dir='ltr'>hominem,</span> <span class='ocrx_word' id='word_1_358' title='bbox 357 2489 442 2521; x_wconf 87' lang='lat' dir='ltr'>olim</span> <span class='ocrx_word' id='word_1_359' title='bbox 467 2490 570 2531; x_wconf 88' lang='lat' dir='ltr'>sequi</span> <span class='ocrx_word' id='word_1_360' title='bbox 596 2490 717 2522; x_wconf 85' lang='lat' dir='ltr'>coacti</span> <span class='ocrx_word' id='word_1_361' title='bbox 744 2492 806 2521; x_wconf 87' lang='lat' dir='ltr'>aut</span> <span class='ocrx_word' id='word_1_362' title='bbox 832 2489 1016 2521; x_wconf 85' lang='lat' dir='ltr'>omisimus</span> <span class='ocrx_word' id='word_1_363' title='bbox 1035 2490 1098 2519; x_wconf 88' lang='lat' dir='ltr'>aut</span> <span class='ocrx_word' id='word_1_364' title='bbox 1115 2498 1241 2530; x_wconf 88' lang='lat' dir='ltr'>parum</span> <span class='ocrx_word' id='word_1_365' title='bbox 1259 2489 1358 2518; x_wconf 86' lang='lat' dir='ltr'>recte</span> <span class='ocrx_word' id='word_1_366' title='bbox 1379 2485 1643 2524; x_wconf 84' lang='lat' dir='ltr'>adnotavimus,</span> <span class='ocrx_word' id='word_1_367' title='bbox 1670 2497 1764 2519; x_wconf 89' lang='lat' dir='ltr'>nunc</span> 
     </span>
     <span class='ocr_line' id='line_1_32' title="bbox 48 2542 1764 2587; baseline -0.003 -9"><span class='ocrx_word' id='word_1_368' title='bbox 48 2546 232 2578; x_wconf 87' lang='lat' dir='ltr'>addemus.</span> <span class='ocrx_word' id='word_1_369' title='bbox 265 2545 339 2578; x_wconf 90' lang='lat' dir='ltr'>Ubi</span> <span class='ocrx_word' id='word_1_370' title='bbox 360 2544 364 2586; x_wconf 90' lang='grc' dir='ltr'>Ι</span> <span class='ocrx_word' id='word_1_371' title='bbox 385 2548 468 2587; x_wconf 88' lang='lat' dir='ltr'>post</span> <span class='ocrx_word' id='word_1_372' title='bbox 494 2549 556 2578; x_wconf 86' lang='lat' dir='ltr'>aut</span> <span class='ocrx_word' id='word_1_373' title='bbox 582 2549 666 2578; x_wconf 83' lang='lat' dir='ltr'>ante</span> <span class='ocrx_word' id='word_1_374' title='bbox 692 2545 833 2578; x_wconf 87' lang='lat' dir='ltr'>litteras</span> <span class='ocrx_word' id='word_1_375' title='bbox 861 2545 905 2576; x_wconf 83' lang='lat' dir='ltr'>ab</span> <span class='ocrx_word' id='word_1_376' title='bbox 930 2545 1093 2576; x_wconf 86' lang='lat' dir='ltr'>Hutteno</span> <span class='ocrx_word' id='word_1_377' title='bbox 1120 2544 1325 2585; x_wconf 83' lang='lat' dir='ltr'>adscriptas</span> <span class='ocrx_word' id='word_1_378' title='bbox 1350 2543 1550 2584; x_wconf 82' lang='lat' dir='ltr'>posuimus,</span> <span class='ocrx_word' id='word_1_379' title='bbox 1577 2542 1764 2584; x_wconf 83' lang='lat' dir='ltr'>significa-</span> 
     </span>
     <span class='ocr_line' id='line_1_33' title="bbox 47 2598 1765 2644; baseline -0.002 -10"><span class='ocrx_word' id='word_1_380' title='bbox 47 2606 106 2634; x_wconf 88' lang='lat' dir='ltr'>tur</span> <span class='ocrx_word' id='word_1_381' title='bbox 121 2602 323 2644; x_wconf 86' lang='lat' dir='ltr'>marginem</span> <span class='ocrx_word' id='word_1_382' title='bbox 341 2602 456 2634; x_wconf 85' lang='lat' dir='ltr'>cultro</span> <span class='ocrx_word' id='word_1_383' title='bbox 482 2602 683 2634; x_wconf 83' lang='lat' dir='ltr'>abscissum</span> <span class='ocrx_word' id='word_1_384' title='bbox 709 2612 787 2644; x_wconf 78' lang='lat' dir='ltr'>quae</span> <span class='ocrx_word' id='word_1_385' title='bbox 813 2612 908 2633; x_wconf 90' lang='lat' dir='ltr'>nunc</span> <span class='ocrx_word' id='word_1_386' title='bbox 934 2600 1199 2640; x_wconf 80' lang='lat' dir='ltr'>desiderantur,</span> <span class='ocrx_word' id='word_1_387' title='bbox 1227 2599 1313 2631; x_wconf 92' lang='lat' dir='ltr'>olim</span> <span class='ocrx_word' id='word_1_388' title='bbox 1340 2598 1574 2631; x_wconf 84' lang='lat' dir='ltr'>continuisse.</span> <span class='ocrx_word' id='word_1_389' title='bbox 1623 2599 1666 2630; x_wconf 90' lang='lat' dir='ltr'>In</span> <span class='ocrx_word' id='word_1_390' title='bbox 1693 2599 1765 2631; x_wconf 88' lang='lat' dir='ltr'>col-</span> 
     </span>
     <span class='ocr_line' id='line_1_34' title="bbox 46 2655 1764 2700; baseline -0.002 -9"><span class='ocrx_word' id='word_1_391' title='bbox 46 2659 217 2691; x_wconf 83' lang='lat' dir='ltr'>lectionis</span> <span class='ocrx_word' id='word_1_392' title='bbox 232 2658 571 2700; x_wconf 82' lang='lat' dir='ltr'>Steekelbergianae</span> <span class='ocrx_word' id='word_1_393' title='bbox 591 2669 669 2700; x_wconf 83' lang='lat' dir='ltr'>quae</span> <span class='ocrx_word' id='word_1_394' title='bbox 687 2661 840 2691; x_wconf 85' lang='lat' dir='ltr'>vocatur</span> <span class='ocrx_word' id='word_1_395' title='bbox 859 2657 1021 2700; x_wconf 80' lang='lat' dir='ltr'>exemplo</span> <span class='ocrx_word' id='word_1_396' title='bbox 1041 2657 1170 2696; x_wconf 86' lang='lat' dir='ltr'>(Indic.</span> <span class='ocrx_word' id='word_1_397' title='bbox 1189 2655 1358 2697; x_wconf 86' lang='lat' dir='ltr'>bibliogr.</span> <span class='ocrx_word' id='word_1_398' title='bbox 1377 2655 1480 2685; x_wconf 86' lang='lat' dir='ltr'>Hutt.</span> <span class='ocrx_word' id='word_1_399' title='bbox 1500 2665 1595 2686; x_wconf 89' lang='lat' dir='ltr'>num.</span> <span class='ocrx_word' id='word_1_400' title='bbox 1611 2655 1764 2688; x_wconf 88' lang='lat' dir='ltr'>XXIIII.</span> 
     </span>
     <span class='ocr_line' id='line_1_35' title="bbox 49 2710 1765 2757; baseline -0.002 -10"><span class='ocrx_word' id='word_1_401' title='bbox 49 2714 104 2755; x_wconf 87' lang='lat'>1.),</span> <span class='ocrx_word' id='word_1_402' title='bbox 134 2714 226 2757; x_wconf 85' lang='lat' dir='ltr'>quod</span> <span class='ocrx_word' id='word_1_403' title='bbox 250 2715 461 2746; x_wconf 87' lang='lat' dir='ltr'>Turicensis</span> <span class='ocrx_word' id='word_1_404' title='bbox 486 2715 718 2747; x_wconf 75' lang='lat' dir='ltr'>bibliothecae</span> <span class='ocrx_word' id='word_1_405' title='bbox 746 2718 813 2754; x_wconf 87' lang='lat' dir='ltr'>est,</span> <span class='ocrx_word' id='word_1_406' title='bbox 839 2714 961 2746; x_wconf 90' lang='lat' dir='ltr'>multis</span> <span class='ocrx_word' id='word_1_407' title='bbox 985 2714 1088 2753; x_wconf 85' lang='lat' dir='ltr'>locis,</span> <span class='ocrx_word' id='word_1_408' title='bbox 1115 2722 1186 2744; x_wconf 89' lang='lat' dir='ltr'>non</span> <span class='ocrx_word' id='word_1_409' title='bbox 1211 2711 1393 2749; x_wconf 83' lang='lat' dir='ltr'>omnibus,</span> <span class='ocrx_word' id='word_1_410' title='bbox 1420 2710 1602 2741; x_wconf 84' lang='lat' dir='ltr'>recentior</span> <span class='ocrx_word' id='word_1_411' title='bbox 1627 2721 1765 2749; x_wconf 82' lang='lat' dir='ltr'>manus,</span> 
     </span>
     <span class='ocr_line' id='line_1_36' title="bbox 48 2766 1764 2814; baseline -0.003 -11"><span class='ocrx_word' id='word_1_412' title='bbox 48 2782 127 2814; x_wconf 81' lang='lat' dir='ltr'>quae</span> <span class='ocrx_word' id='word_1_413' title='bbox 152 2775 275 2803; x_wconf 85' lang='lat' dir='ltr'>tamen</span> <span class='ocrx_word' id='word_1_414' title='bbox 300 2772 381 2812; x_wconf 88' lang='lat' dir='ltr'>ipsa</span> <span class='ocrx_word' id='word_1_415' title='bbox 407 2781 546 2812; x_wconf 91' lang='lat' dir='ltr'>quoque</span> <span class='ocrx_word' id='word_1_416' title='bbox 572 2771 699 2803; x_wconf 77' lang='lat' dir='ltr'>saeculi</span> <span class='ocrx_word' id='word_1_417' title='bbox 724 2772 819 2803; x_wconf 88' lang='lat' dir='ltr'>XVI.</span> <span class='ocrx_word' id='word_1_418' title='bbox 848 2774 920 2811; x_wconf 86' lang='lat' dir='ltr'>est,</span> <span class='ocrx_word' id='word_1_419' title='bbox 954 2770 1068 2803; x_wconf 86' lang='lat' dir='ltr'>verba</span> <span class='ocrx_word' id='word_1_420' title='bbox 1093 2768 1248 2800; x_wconf 87' lang='lat' dir='ltr'>Hutteni</span> <span class='ocrx_word' id='word_1_421' title='bbox 1278 2777 1387 2798; x_wconf 83' lang='lat' dir='ltr'>manu</span> <span class='ocrx_word' id='word_1_422' title='bbox 1419 2766 1504 2797; x_wconf 89' lang='lat' dir='ltr'>olim</span> <span class='ocrx_word' id='word_1_423' title='bbox 1535 2766 1675 2808; x_wconf 87' lang='lat' dir='ltr'>scripta</span> <span class='ocrx_word' id='word_1_424' title='bbox 1700 2767 1764 2798; x_wconf 88' lang='lat' dir='ltr'>sed</span> 
     </span>
     <span class='ocr_line' id='line_1_37' title="bbox 46 2822 1763 2870; baseline -0.002 -11"><span class='ocrx_word' id='word_1_425' title='bbox 46 2828 189 2860; x_wconf 86' lang='lat' dir='ltr'>infelici</span> <span class='ocrx_word' id='word_1_426' title='bbox 215 2827 330 2859; x_wconf 88' lang='lat' dir='ltr'>cultro</span> <span class='ocrx_word' id='word_1_427' title='bbox 363 2827 528 2859; x_wconf 80' lang='lat' dir='ltr'>abscissa</span> <span class='ocrx_word' id='word_1_428' title='bbox 559 2828 661 2859; x_wconf 80' lang='lat' dir='ltr'>iuxta</span> <span class='ocrx_word' id='word_1_429' title='bbox 693 2828 908 2870; x_wconf 85' lang='lat' dir='ltr'>superstites</span> <span class='ocrx_word' id='word_1_430' title='bbox 933 2826 1182 2859; x_wconf 87' lang='lat' dir='ltr'>Huttenianas</span> <span class='ocrx_word' id='word_1_431' title='bbox 1214 2824 1358 2855; x_wconf 83' lang='lat' dir='ltr'>litteras</span> <span class='ocrx_word' id='word_1_432' title='bbox 1390 2822 1596 2860; x_wconf 87' lang='lat' dir='ltr'>renovavit,</span> <span class='ocrx_word' id='word_1_433' title='bbox 1630 2823 1683 2854; x_wconf 85' lang='lat' dir='ltr'>ita</span> <span class='ocrx_word' id='word_1_434' title='bbox 1709 2826 1763 2855; x_wconf 84' lang='lat' dir='ltr'>ta-</span> 
     </span>
     <span class='ocr_line' id='line_1_38' title="bbox 46 2879 1762 2926; baseline -0.002 -11"><span class='ocrx_word' id='word_1_435' title='bbox 46 2894 129 2915; x_wconf 90' lang='lat' dir='ltr'>men</span> <span class='ocrx_word' id='word_1_436' title='bbox 152 2887 192 2915; x_wconf 90' lang='lat' dir='ltr'>ut</span> <span class='ocrx_word' id='word_1_437' title='bbox 215 2894 287 2916; x_wconf 91' lang='lat' dir='ltr'>non</span> <span class='ocrx_word' id='word_1_438' title='bbox 311 2894 392 2916; x_wconf 85' lang='lat' dir='ltr'>raro</span> <span class='ocrx_word' id='word_1_439' title='bbox 417 2883 601 2916; x_wconf 87' lang='lat' dir='ltr'>nonnullae</span> <span class='ocrx_word' id='word_1_440' title='bbox 626 2883 780 2926; x_wconf 73' lang='lat' dir='ltr'>syllabae</span> <span class='ocrx_word' id='word_1_441' title='bbox 805 2884 987 2916; x_wconf 75' lang='lat' dir='ltr'>litteraeve</span> <span class='ocrx_word' id='word_1_442' title='bbox 1013 2892 1109 2914; x_wconf 84' lang='lat' dir='ltr'>nunc</span> <span class='ocrx_word' id='word_1_443' title='bbox 1136 2884 1171 2913; x_wconf 93' lang='lat' dir='ltr'>et</span> <span class='ocrx_word' id='word_1_444' title='bbox 1198 2880 1242 2912; x_wconf 84' lang='lat' dir='ltr'>ab</span> <span class='ocrx_word' id='word_1_445' title='bbox 1268 2879 1426 2910; x_wconf 89' lang='lat' dir='ltr'>Hutteni</span> <span class='ocrx_word' id='word_1_446' title='bbox 1450 2881 1486 2910; x_wconf 89' lang='lat' dir='ltr'>et</span> <span class='ocrx_word' id='word_1_447' title='bbox 1511 2888 1532 2909; x_wconf 86' lang='lat' dir='ltr'>a</span> <span class='ocrx_word' id='word_1_448' title='bbox 1555 2879 1762 2912; x_wconf 82' lang='lat' dir='ltr'>recentiore</span> 
     </span>
     <span class='ocr_line' id='line_1_39' title="bbox 47 2941 490 2983; baseline 0.002 -11"><span class='ocrx_word' id='word_1_449' title='bbox 47 2950 156 2972; x_wconf 89' lang='lat' dir='ltr'>manu</span> <span class='ocrx_word' id='word_1_450' title='bbox 180 2941 327 2983; x_wconf 84' lang='lat' dir='ltr'>scriptae</span> <span class='ocrx_word' id='word_1_451' title='bbox 354 2943 490 2973; x_wconf 78' lang='lat' dir='ltr'>extent.</span> 
     </span>
    </p>
   </div>
   <div class='ocr_carea' id='block_1_5' title="bbox 1413 3147 1469 3187">
    <p class='ocr_par' dir='ltr' id='par_1_15' title="bbox 1413 3147 1469 3187">
     <span class='ocr_line' id='line_1_40' title="bbox 1413 3147 1469 3187; baseline 0 -17"><span class='ocrx_word' id='word_1_452' title='bbox 1413 3147 1469 3187; x_wconf 69' lang='lat' dir='ltr'>b*</span> 
     </span>
    </p>
   </div>
  </div>
 </body>
</html>
