2081 3517
245 229 339 273 544
384 239 618 270 ADDENDA
634 240 698 270 AD
717 240 824 273 VOL.
843 240 870 272 Ι.
897 237 999 270 xxv?
1017 248 1125 269 cnon
1139 245 1257 268 Errsr.
1269 244 1317 265 AD
1331 245 1484 268 atv'rux.
1496 247 1591 268 -DE
1607 248 1946 272 P.V1G1L.ARBILLA.

244 353 367 388 faciam
397 358 516 388 autem
548 353 706 388 debitum
738 353 881 388 nomine
913 362 1011 390 meo,
1044 362 1115 385 non
1159 355 1232 385 tuo.
1291 350 1340 385 Ex
1372 350 1501 387 Graecis
1533 351 1621 386 nihil
1653 362 1773 388 secum
1805 352 1943 388 advexit

244 409 419 455 Georgius
452 409 494 444 ad
525 415 668 444 nostras
698 408 899 450 nundinas!
919 407 1015 441 domi
1048 412 1164 441 tamen
1197 406 1302 440 habet
1334 417 1567 453 quoscunque
1595 413 1764 453 auctores
1798 407 1860 443 tibi
1881 419 1944 443 uu-

243 476 306 512 per
338 465 373 499 in
413 465 566 511 quodam
607 465 719 499 indice
759 463 889 498 notavi.
950 462 1099 497 Ioannes
1137 461 1360 508 Herbipolita
1400 462 1505 496 rediit
1543 462 1586 497 ab
1617 462 1714 497 Ubiis
1752 464 1945 498 comitatus

241 520 371 567 insigni
410 531 538 567 pompa
579 519 815 555 Baldistarum
854 524 889 552 et
927 517 1246 556 Bartholistarum,
1281 528 1359 552 nam
1400 529 1519 553 musas
1562 518 1786 565 dedignatur.
1846 519 1945 554 Hunc

240 582 320 612 ante
359 576 435 611 dies
476 576 502 610 X
541 575 759 621 Moguntiam
798 573 1154 620 przetergredientem
1194 572 1360 607 Erasinus
1399 573 1681 612 Roterodamus,
1723 585 1826 620 quem
1865 575 1936 609 sor·
1959 585 1974 608 5

240 637 324 667 tuna
355 638 429 666 tum
462 632 620 669 advexit,
652 629 860 675 alloquutus
892 633 946 663 est
977 635 1011 663 et
1042 640 1083 663 ex
1104 627 1231 663 Moller
1261 628 1346 663 fecit
1366 628 1526 673 Milium]
1557 630 1782 676 signavitque
1812 631 1849 665 in
1879 641 1944 677 pu-

240 687 356 734 gillari
390 687 483 722 inter
515 686 626 730 suos]
648 685 807 731 quamvis
842 684 902 719 ille
934 696 1062 719 nomen
1095 696 1165 719 non
1198 684 1371 719 admittit:
1393 685 1616 732 contempnit
1648 684 1784 720 scilicet
1805 687 1944 731 ingesta

239 742 423 790 magnifice
454 754 525 777 non
558 742 674 776 minus
706 752 809 787 quam
834 740 1061 775 Hereliordus
1095 746 1189 775 tuus,
1236 740 1368 775 Scribit
1406 740 1490 775 mihi
1522 740 1610 775 mira
1642 741 1683 776 de
1714 741 1791 777 eius
1822 741 1944 776 huma-

238 800 348 833 nitate
380 804 414 833 et
445 797 650 844 eloquentia
690 795 946 842 extemporali;
985 795 1116 831 Multos
1148 796 1190 830 de
1221 795 1366 831 Erasmo
1398 796 1633 843 primia-antes
1666 796 1791 831 audivi.
1842 797 1944 834 haesi-

239 860 314 889 tant
344 855 378 888 iu
418 852 688 900 interpretando
727 863 845 886 mores
877 851 973 886 illius
1005 851 1144 889 civiles,
1188 851 1463 891 humanitatem,
1506 852 1765 891 affabilitatem,
1797 853 1943 888 comita·
1957 860 1989 885 10

237 916 305 945 tem
338 914 372 943 et
405 908 602 944 facundiam
633 913 854 946 nestoream:
886 907 1102 942 Rcuchlinus
1133 912 1168 941 et
1189 907 1360 942 Buschius
1392 907 1650 943 obmutuerunt
1680 907 1740 943 illo
1771 907 1942 955 loquente

236 976 328 1000 anno
360 965 585 1011 praecedente
617 964 805 1009 Maguntiae
838 968 930 998 teste
961 963 1127 998 Hutheuo
1160 974 1251 998 meo.
1310 963 1436 997 Nescio
1468 975 1538 1010 quo
1570 969 1708 1010 pergat.
1742 975 1867 1010 quaero
1898 963 1941 1000 ab

235 1019 468 1067 Herbipolita.
520 1020 613 1055 forte
645 1019 786 1054 confert
818 1030 854 1054 se
886 1019 927 1053 ad
958 1019 1159 1066 Principem
1190 1017 1360 1053 Karolum
1390 1019 1691 1065 Burgundionem.

348 1075 466 1112 Vuldae
496 1076 701 1123 raptissime
732 1075 784 1109 Ill.
807 1074 880 1110 Eid.
904 1075 1005 1110 Iunii.
1065 1074 1148 1109 Vale
1179 1080 1213 1110 et
1244 1074 1363 1121 cogita
1395 1074 1528 1121 aliquid
1559 1075 1601 1110 de
1632 1075 1739 1110 rebus
1769 1075 1870 1111 meis.

347 1132 498 1167 Mutuavi
521 1143 636 1178 nuper
657 1130 846 1166 Benedicto
878 1136 939 1166 tuo
968 1142 1137 1166 coronam
1160 1130 1326 1166 Gallicam
1355 1141 1426 1165 non
1457 1131 1606 1166 comode
1638 1131 1768 1166 valenti
1799 1142 1939 1178 permu·
1957 1138 1988 1163 ¹5

236 1195 310 1223 tare
339 1188 373 1222 in
410 1193 560 1234 argento
596 1198 742 1222 aureum
779 1198 906 1225 unum,
947 1187 1106 1234 quamvis
1137 1198 1209 1221 non
1240 1192 1317 1222 erat
1348 1198 1430 1233 spes
1463 1186 1634 1222 solvendi.
1693 1186 1781 1222 Mala
1812 1187 1946 1233 bestias

234 1244 355 1279 nescio
388 1244 505 1290 siquid
536 1244 679 1278 sciverit
711 1254 751 1278 ex
782 1242 899 1278 verbis
931 1243 1087 1278 Thomae.

1691 1299 1832 1335 Crotus.

478 1355 739 1401 [Inscriptio.·]
769 1355 820 1390 Ad
850 1355 1054 1391 Kunradum
1085 1355 1280 1391 Mutianum

770 1412 883 1446 totius
915 1412 1138 1458 antiquitatis
1170 1411 1375 1447 consultum
1951 1422 1988 1447 20

766 1467 1036 1515 tranquillitatis
1067 1473 1204 1515 patrem

768 1524 928 1559 Amicum
960 1524 1123 1559 sanctiss.

903 1580 988 1615 Crot

232 1747 316 1788 Pay.
336 1745 391 1778 43.
410 1746 438 1785 ἓ.
458 1745 510 1778 3⁶2.
529 1747 591 1777 iam
616 1746 688 1777 ha’e
713 1746 908 1778 adnotanda
932 1750 1025 1777 sunt.-

325 1826 555 1867 Vigilantiam,
590 1835 682 1867 quem
712 1827 860 1866 (equales
884 1825 1030 1855 homines
1061 1824 1185 1855 eruditi
1207 1824 1378 1863 magnifiee
1407 1823 1633 1865 suspiciebant
1655 1825 1849 1866 summisque
1875 1825 1943 1855 laa-

231 1881 324 1912 dibas
349 1882 550 1923 efferebant,
583 1881 680 1912 hodie
708 1891 827 1921 param
860 1891 964 1922 neque
993 1881 1070 1920 fere
1102 1881 1166 1910 nisi
1196 1890 1242 1911 ea)
1267 1878 1453 1911 Becmannz'
1478 1881 1657 1921 farragine
1690 1881 1732 1911 de
1757 1881 1942 1912 litterarum

230 1938 444 1968 universitate
474 1937 642 1968 Viaa'rz'na
673 1941 831 1976 conyesta
863 1937 1021 1967 litteratis
1046 1937 1126 1966 viris
1156 1936 1319 1977 cognitam
1351 1946 1424 1967 esse
1455 1947 1519 1967 non
1550 1936 1725 1967 mirabitur
1756 1939 1814 1978 qai
1838 1937 1943 1978 flores

228 1995 410 2033 praeclarae
434 1993 555 2024 indolis
579 1993 782 2029 tretissz’mos,
815 2002 879 2023 non
909 1992 1077 2032 fruetuum
1103 1993 1236 2023 aberam
1260 1993 1423 2032 inteyram
1447 1993 1577 2033 copiam
1600 1994 1728 2024 scelere
1752 2003 1811 2024 suo
1836 1995 1941 2025 Iatro-

230 2059 297 2085 7188,
323 2060 392 2081 eum
422 2051 567 2080 iuvenem
597 2050 630 2079 z'n
654 2050 727 2090 ipso
752 2051 863 2079 (etatis
885 2048 971 2089 flore
996 2049 1204 2083 occiderent,
1236 2050 1354 2078 misere
1379 2049 1590 2080 destraaeisse
1614 2050 1799 2082 resciverit.
1830 2060 1943 2090 pauca

230 2106 399 2147 Aasunyia?
422 2107 552 2146 scripta
582 2110 762 2145 supersunt
795 2115 900 2146 eaque
933 2106 1064 2135 inventa
1097 2104 1303 2144 difficillima.
1335 2104 1541 2145 spicilegium
1572 2105 1702 2146 itaque,
1735 2106 1826 2147 quod
1853 2116 1939 2136 nunc

229 2163 312 2192 dare
334 2170 486 2202 possum,
515 2172 579 2192 non
605 2161 718 2192 dubito
745 2161 889 2191 Hatteni
911 2172 1047 2202 operam
1071 2161 1231 2192 studiosis
1254 2164 1385 2202 gratam
1406 2160 1498 2200 fore.

317 2222 348 2252 E
365 2222 449 2253 libro
468 2220 525 2261 (28
542 2221 660 2253 folior.
681 2222 718 2252 in
735 2222 798 2262 4⁰.)
817 2223 869 2253 cm·
892 2222 1087 2253 inser-ibitur
1111 2229 1287 2255 BELLICA
1307 2229 1671 2256 PROGYMNASMATA
1692 2230 1719 2256 A
1737 2221 1841 2265 D11uo
1858 2223 1939 2255 Ioa-

229 2272 344 2303 chiino
371 2272 430 2305 Sa.
456 2272 521 2304 Ro.
549 2273 611 2303 Im.
639 2273 737 2314 Sept.
757 2274 804 2305 vi.
824 2271 1046 2313 Mai·clii0}ne
1079 2272 1432 2314 Brandenburgensi.
1458 2272 1487 2304 ἅτ
1510 2273 1687 2304 Heinrico
1710 2272 1937 2314 Ma-Jgnopo-

227 2328 342 2360 litano
376 2328 466 2359 duce
500 2328 715 2370 Nouirupini
749 2328 962 2370 cellebrata.
987 2327 1015 2359 δι
1041 2338 1062 2358 a
1087 2329 1126 2359 P.
1153 2328 1356 2369 Vigilantio
1387 2328 1596 2370 la-jtinitati
1629 2329 1775 2361 donata.
1808 2328 1934 2370 Anno!

227 2382 288 2416 dfii
312 2385 394 2416 XII.
415 2383 484 2425 sup.
502 2383 550 2416 M.
570 2384 615 2415 D.
649 2384 770 2425 (Infra
795 2386 967 2425 insignium
993 2385 1200 2425 depictorum
1231 2386 1430 2426 quadratam
1462 2385 1642 2425 tabulam)
1675 2395 1774 2417 nomo
1801 2395 1937 2416 nomm

317 2497 327 2517 1
346 2498 466 2539 grecis
491 2500 557 2528 MS.
629 2496 641 2516 3
669 2496 728 2539 ab]
758 2500 806 2529 sie
831 2508 921 2529 corr.
939 2507 1004 2538 pro
1030 2497 1138 2528 deleta
1166 2507 1209 2527 ex
1232 2499 1298 2527 MS.
1375 2495 1389 2516 4
1412 2498 1468 2528 De
1494 2500 1655 2538 ‘tempore
1679 2507 1805 2539 pamm
1831 2507 1938 2529 accu-

226 2557 307 2584 rate
338 2553 452 2584 refert
484 2552 630 2584 Crotus:
664 2553 722 2584 die
752 2552 780 2584 l.
799 2554 877 2584 Iun.
907 2564 938 2584 a.
962 2552 1056 2584 1515.
1083 2553 1255 2585 Erasmus
1287 2554 1359 2584 iam
1390 2553 1600 2595 Antverpiae
1632 2553 1780 2594 scripsit
1809 2553 1939 2584 Ioanni

228 2609 400 2650 Sylvagio
434 2609 623 2648 „Tandem
656 2608 814 2650 explicui
845 2619 899 2640 me
934 2619 951 2640 e
984 2608 1171 2640 laboribus
1201 2608 1472 2640 Basiliensibus
1498 2611 1556 2640 ...³⁹
1649 2611 1672 2643 i.
1690 2620 1718 2641 e.
1737 2619 1783 2641 ea:
1814 2609 1940 2640 Mitlter

228 2666 269 2701 (s.
290 2663 430 2706 JIc'ilIer)
461 2666 544 2705 fecit
570 2664 720 2706 Myliam.
747 2664 802 2696 Cf.
820 2664 890 2696 vol.
909 2665 935 2695 I.
954 2675 989 2705 p.
1009 2664 1063 2695 27.
1082 2675 1178 2695 num.
1198 2665 1278 2695 XII.
1298 2675 1379 2696 cum
1405 2665 1557 2696 addend.
1579 2665 1625 2696 ad
1648 2665 1682 2696 h.
1701 2664 1724 2696 l.
1744 2665 1782 2696 iu
1806 2664 1876 2697 vol.
1894 2665 1937 2696 V.

226 2732 260 2762 p.
280 2720 355 2752 513.
389 2721 443 2752 Ad
467 2721 563 2752 hunc
588 2722 716 2752 Ioann.
742 2721 893 2761 Mylium
924 2720 1246 2762 Herbipolitanum
1280 2721 1472 2763 conplures
1505 2721 1670 2762 epistolae
1703 2721 1938 2762 carminaque

226 2777 397 2818 leguntur
428 2777 465 2807 in
492 2776 695 2808 Camerarii
720 2776 852 2809 Libell.
880 2776 941 2808 alt.
971 2776 1145 2818 epistolas
1179 2777 1370 2819 complect.
1396 2776 1540 2808 Eobani
1573 2780 1609 2808 ei:
1639 2777 1804 2809 aliorum.
1839 2778 1938 2818 Lips.

230 2832 324 2864 1557.
344 2831 390 2863 8⁰.
462 2832 474 2852 *3
499 2833 733 2864 Herebordus
757 2834 981 2874 Margaritus
1005 2832 1128 2872 Ictus,
1156 2833 1320 2865 Mutiano
1347 2833 1605 2871 amicissimus,
1634 2833 1679 2863 ad
1705 2843 1809 2874 quem
1834 2832 1938 2864 huius

227 2888 402 2929 epistolas
421 2889 614 2930 conplures
633 2889 780 2921 exhibet
797 2889 907 2920 etiam
927 2888 1128 2920 Camerarii
1145 2889 1310 2920 Libellus
1327 2899 1452 2921 novus.
1479 2889 1564 2930 Lps.
1586 2887 1683 2920 1568.
1702 2888 1748 2920 8⁰.
1811 2888 1824 2907 ⁹
1850 2889 1937 2920 Pun-

227 2948 311 2975 ctum
335 2949 412 2975 ante
436 2944 569 2976 Multos
595 2956 654 2986 eyo
680 2946 808 2977 addidi.
886 2944 914 2964 ¹⁰
939 2943 1166 2986 interf->tando
1192 2948 1258 2976 MS.
1332 2944 1358 2964 ¹²
1383 2945 1573 2986 Maguntie
1599 2948 1665 2977 MS.
1750 2942 1936 2985 Hutheno]

229 3000 280 3039 Cf.
298 3002 353 3031 cit.
375 3001 473 3032 Hutt.
491 3002 537 3031 ad
560 3001 679 3032 Factis.
699 3003 798 3042 epist.
887 3011 996 3043 quero
1021 3004 1086 3034 MS.
1172 3001 1198 3022 13
1224 2999 1448 3042 Principem]
1469 3001 1540 3041 feei
1563 3012 1610 3032 ex
1634 3001 1662 3032 P
1688 3003 1753 3030 MS.
1830 2999 1938 3030 Eras-

226 3065 294 3086 mus
318 3055 459 3087 Basilea
488 3059 522 3088 in
547 3057 701 3097 Anytiam
732 3062 796 3088 tum
828 3058 1072 3091 revertebatur.
1168 3055 1195 3076 ¹⁴
1218 3056 1334 3088 Vulde
1360 3059 1426 3086 MS.
1522 3055 1550 3075 ¹5
1574 3056 1629 3087 III
1653 3055 1722 3086 Eid
1745 3055 1850 3086 Iunii.
1870 3057 1936 3088 MS.

229 3111 375 3142 comode
402 3115 467 3143 MS.
