2081 3517
346 188 510 212 HVTTENI
529 189 567 210 IN
587 189 845 211 EXCEPTIONEM
865 190 1108 212 MOGVNTINAM
1125 191 1285 213 ALBERTI
1305 192 1573 217 PANEGYMCVS.
1714 177 1808 223 375

366 291 586 330 Herbarum
618 302 773 335 succos;
806 291 889 330 haec
920 292 978 330 vix
1009 292 1193 332 imitabile
1226 294 1304 346 visu

364 359 491 408 Pingit
522 371 593 396 acu
625 370 866 397 summorum
898 359 1100 399 hominum
1130 366 1239 400 vetus
1269 367 1562 411 argumentum:

365 428 437 464 Ars
468 427 644 476 precium
675 432 853 476 superat:
886 428 1015 465 vacuis
1046 429 1255 467 certamina
1287 428 1473 480 Nymphis

363 493 454 531 Haec
484 493 612 542 posuit
642 498 786 537 mater;
820 493 990 532 stimulat
1022 497 1236 540 contentio,
1269 501 1419 535 certant

295 571 344 596 695
365 560 459 598 Esse
490 572 622 609 pares,
655 559 762 598 iubet
793 561 960 599 artifices
991 562 1029 599 in
1061 553 1226 602 stamine
1256 576 1407 614 pugnas

361 627 449 678 Ipsa
481 638 559 666 suae
589 627 714 675 gentis
746 629 853 665 cerui
887 633 1111 679 veteresque
1142 629 1317 675 labores,

362 694 583 732 Primorum
615 695 850 732 monimenta
882 695 1023 734 ducum
1055 698 1278 748 patriosque
1308 699 1537 748 triumphos

362 761 431 799 Hic
463 760 608 805 bonor,
642 761 723 798 haec
754 760 837 799 laus
869 767 942 806 est,
977 763 1039 801 hic
1071 776 1140 802 cur
1171 770 1231 809 tu,
1263 764 1438 810 Alberte,
1471 766 1648 811 labores,

363 828 507 878 Sponte
539 827 643 866 subit
673 829 792 872 ratio,
827 829 902 867 sert
933 830 996 868 hic
1028 843 1095 869 sua
1127 832 1285 881 prfcmia
1317 833 1458 872 virtus:

293 908 342 933 τοο
363 896 628 946 Magnanimos
658 896 758 933 inter
788 907 975 945 proceres
1008 898 1211 948 Rhenique
1243 899 1393 938 sodales

359 963 491 1001 Indice
521 964 672 1013 pictura
703 976 794 1013 pars
825 976 902 1002 non
934 966 1138 1003 temnenda
1171 971 1327 1005 tuorum
1360 972 1428 1006 est.

358 1031 511 1070 Primus
541 1031 668 1069 honor
698 1031 828 1075 Marti,
863 1031 998 1082 clypeo
1029 1032 1130 1070 Mars
1162 1033 1283 1083 fulget
1314 1039 1351 1073 et
1382 1047 1473 1074 ense

359 1099 669 1149 Germanamque
700 1110 817 1137 manu
848 1100 1034 1138 frameam
1065 1105 1187 1143 tenet,
1221 1100 1322 1139 illius
1353 1103 1428 1141 aris

359 1165 520 1204 Victima
552 1167 676 1215 prima
709 1166 829 1211 cadit,
863 1168 989 1215 gentis
1019 1172 1130 1217 pater
1161 1168 1243 1217 ipse
1276 1170 1403 1207 vocari

1564 1035 1652 1066 Rerum
1672 1042 1683 1056 11
1701 1035 1804 1058 Germa-

1563 1069 1600 1083 nis
1623 1066 1743 1089 gestarum
1762 1071 1804 1086 ca-

1562 1091 1662 1117 [alogus.

290 1245 337 1270 705
360 1232 511 1271 Gaudet
542 1237 579 1271 et
609 1238 741 1271 arctoo
773 1233 905 1272 sedem
938 1233 1011 1272 sibi
1042 1234 1174 1283 deligit
1204 1234 1311 1274 orbe.
1657 1237 1801 1288 ἕζξῗᾘᾶῃυδ,

358 1299 492 1338 Cernis
524 1306 561 1339 et
590 1300 750 1339 Alciden
781 1301 992 1351 iunctoque
1024 1301 1218 1339 Tuiscona
1249 1302 1390 1340 Manno
1537 1301 1801 1383 [ffffgf'ssffissjssffflffi

357 1367 569 1406 Teutonico
601 1368 808 1406 horrentes
840 1367 974 1406 habitu
1005 1373 1255 1418 pugnataque
1288 1369 1409 1415 bella,
1562 1359 1671 1381 ³¹³¹¹¹¹¹¹‘'

355 1435 402 1473 Et
432 1435 528 1473 Maia
560 1436 732 1485 genitum
763 1434 985 1480 Teutatem,
1017 1436 1232 1474 immitibus
1264 1439 1358 1482 aris,
1625 1437 1628 1491 Ι
1657 1452 1800 1475 nereum..

355 1501 534 1540 Terribili
564 1504 712 1552 specie,
746 1507 784 1540 et
814 1504 963 1553 primos
995 1516 1041 1541 ex
1073 1503 1209 1541 ordine
1240 1516 1354 1554 reges

286 1583 334 1607 710
356 1569 547 1608 Immensa
580 1570 702 1614 serie,
738 1576 949 1620 nostroque
982 1571 1175 1620 incognita
1206 1571 1310 1610 seclo

352 1637 481 1675 Ardua
513 1636 612 1675 sacta
644 1638 787 1676 virum:
821 1636 957 1681 velles,
992 1637 1221 1683 Germania,
1255 1638 1390 1683 101105,

352 1704 474 1749 Quam
507 1717 596 1743 vera
628 1710 705 1748 est,
738 1709 816 1743 tam
848 1705 895 1743 sit
925 1706 1079 1755 scriptis
1110 1710 1175 1744 tua
1207 1708 1357 1757 cognita
1392 1708 1529 1746 virtus:

351 1773 445 1818 Quia
476 1773 626 1817 secere,
661 1772 741 1811 11010
772 1777 935 1816 norunt,
970 1777 1006 1811 et
1037 1773 1166 1823 praeelia
1201 1779 1237 1812 ct
1267 1775 1371 1825 ipsos

353 1840 425 1885 Qui
456 1852 613 1889 gessere
645 1840 780 1883 duces;
815 1852 885 1878 nos
917 1840 975 1877 vix
1009 1846 1181 1878 extrema
1216 1842 1378 1880 videndo

284 1920 332 1944 715
353 1908 625 1957 Assequhnur,
659 1907 774 1945 datur
805 1908 984 1957 ingentes
1015 1908 1239 1947 lsthevones
1271 1910 1386 1947 armis
1604 1913 1606 1959 l
1632 1925 1782 1947 ammones.

352 1974 522 2013 Noscere
546 1980 582 2013 et
604 1975 859 2014 IIermionum
881 1986 1056 2025 przeccps
1078 1986 1200 2025 genus
1223 1976 1404 2015 omnibus
1425 1978 1545 2021 ausis,
1619 1977 1622 2028 Ι
1643 1991 1798 2014 Hermiones,
1824 2012 1826 2015 .

170 2098 213 2119 ⁶⁹3
238 2099 392 2141 pretium
418 2101 448 2130 6.
513 2098 555 2118 ⁵⁰⁴
581 2097 710 2140 mater]
729 2097 939 2129 Germania.
1004 2097 1046 2117 ‘³99
1072 2099 1211 2140 premia
1230 2102 1303 2131 1.2.
1369 2100 1411 2120 ⁷⁰²
1437 2101 1483 2132 cf.
1503 2112 1535 2133 v.
1554 2100 1630 2135 289.
1695 2106 1794 2134 eata-

80 2154 200 2198 logus]
230 2156 333 2197 quasi
360 2156 396 2186 in
422 2155 579 2186 indicem
606 2155 775 2186 redactus
795 2158 849 2185 est
866 2155 1089 2196 Epigramm.
1110 2155 1155 2186 ad
1172 2155 1320 2188 Maxim.
1341 2156 1393 2187 10.
1441 2157 1484 2175 ⁷⁰ss
1510 2157 1732 2197 „Herculem
1759 2162 1795 2190 et

79 2214 234 2244 Martem
267 2212 452 2243 concessis
485 2211 704 2242 animalibus
737 2210 920 2252 placant’⁷.
960 2211 1038 2242 Tac.
1061 2211 1178 2243 Germ.
1198 2211 1229 2243 9.
1258 2213 1411 2251 „Fuisse
1440 2213 1535 2254 apud
1562 2224 1621 2245 eos
1649 2217 1684 2245 et
1702 2213 1794 2245 Her-

78 2269 195 2300 culem
220 2271 421 2300 memorant
438 2268 661 2309 primumque
681 2268 839 2299 omnium
856 2267 1014 2298 virorum
1033 2268 1179 2299 fortium
1198 2269 1283 2298 ituri
1301 2269 1337 2299 in
1354 2268 1483 2310 praelia
1503 2272 1677 2303 canunt'⁷.
1703 2270 1791 2302 ibid.

81 2336 110 2357 0.
129 2325 160 2357 2.
237 2325 355 2356 Tuisc.
374 2322 511 2365 Manu]
541 2324 587 2355 cf.
608 2334 640 2354 v.
661 2323 737 2355 327.
825 2322 867 2342 795
892 2324 1107 2354 immittibus
1133 2326 1165 2355 2.
1194 2324 1367 2363 „deorum
1392 2326 1548 2356 maxime
1574 2325 1791 2357 Mercurium

81 2380 221 2420 colunt,
257 2380 315 2412 cui
348 2381 456 2412 certis
490 2380 616 2412 diebus
648 2379 815 2411 humanis
849 2390 988 2421 1111011110
1022 2380 1152 2411 hostiis
1183 2380 1290 2411 litare
1318 2380 1374 2412 fas
1402 2382 1489 2413 est''.
1522 2381 1599 2413 Tae.
1620 2382 1738 2413 Germ.
1759 2381 1789 2413 9.

81 2437 166 2469 Cces.
184 2437 225 2468 B.
248 2437 291 2469 G.
309 2437 370 2468 VI.
394 2436 445 2468 17.
540 2434 658 2478 Teut.]
686 2437 760 2476 „Et
786 2436 914 2477 quibus
941 2436 1089 2467 immitis
1114 2436 1284 2478 placatur
1310 2438 1487 2478 sanguine
1515 2437 1591 2469 diro
1617 2439 1792 2470 Teutates

77 2493 299 2534 horrensque
339 2493 428 2524 feris
468 2492 646 2524 altaribus
677 2492 832 2524 Hcsus”.
866 2493 994 2523 Lucan.
1021 2492 1148 2523 Phars.
1176 2493 1299 2523 1.-1-14.
1320 2504 1371 2534 sq.
1466 2493 1508 2512 ⁷⁰⁹
1541 2494 1733 2525 Terribilis
1760 2497 1790 2525 2.

77 2548 120 2568 ⁷¹³
145 2548 261 2591 prelia
289 2551 363 2580 1.2.
437 2549 646 2589 „Memoriae
672 2548 836 2589 proditur
862 2548 1035 2589 quasdam
1062 2549 1162 2580 acies
1188 2548 1387 2580 inclinatas
1414 2550 1487 2580 iam
1515 2553 1550 2581 et
1574 2549 1744 2581 labantes
1771 2561 1792 2581 a

78 2605 224 2637 feminis
250 2605 441 2636 restitutas
531 2605 650 2636 inesse
679 2605 764 2645 quin
797 2605 908 2636 etiam
941 2609 1107 2636 sanctum
1140 2605 1280 2646 aliquid
1314 2608 1348 2636 et
1379 2605 1566 2647 providum
1598 2609 1727 2647 putant

77 2662 234 2693 vidimus
260 2661 325 2693 sub
353 2661 435 2692 divo
454 2660 680 2702 Vespasiano
698 2660 875 2692 Veledam
901 2661 961 2692 diu
988 2661 1082 2702 apud
1106 2661 1298 2702 plerosque
1325 2662 1479 2693 numinis
1505 2662 1586 2693 loco
1611 2662 1790 2702 habitam,

77 2718 141 2749 sed
167 2721 202 2749 et
228 2717 312 2749 olim
328 2717 517 2748 Auriniam
536 2720 572 2748 et
597 2716 814 2758 complureis
841 2717 934 2748 alias
960 2718 1129 2748 venerati
1153 2721 1248 2757 sunt,
1275 2728 1346 2749 non
1373 2717 1581 2749 adulatione
1607 2728 1675 2749 nec
1700 2721 1789 2749 tam-

78 2784 184 2816 quam
203 2774 370 2805 facerent
389 2773 510 2805 deas''.
544 2773 623 2804 Tac.
645 2773 765 2805 Germ.
785 2772 816 2804 8.
890 2772 1007 2793 ⁷¹5···⁷¹⁶
1033 2773 1140 2804 datur
1212 2771 1402 2815 noscere]‘?
1428 2775 1588 2813 „Manno
1614 2774 1680 2805 tris
1698 2773 1791 2806 filios

79 2830 285 2872 assignant,
321 2840 338 2861 e
373 2839 519 2871 quorum
554 2829 756 2860 nominibus
788 2830 941 2871 proximi
973 2840 1110 2861 oceano
1136 2830 1369 2871 Ingaevones,
1403 2830 1513 2861 medii
1538 2830 1792 2870 Herminones,

79 2886 194 2918 ceteri
210 2887 410 2918 Istaevones
435 2887 647 2917 vocant111·‘'.
672 2885 749 2916 Tac.
771 2885 889 2917 Germ.
908 2886 940 2917 2.
960 2902 1001 2906 —
1021 2885 1309 2925 „Germanorum
1335 2897 1472 2928 genera
1498 2887 1673 2928 quinque:
1702 2910 1722 2919 ..
1742 2887 1792 2918 al-

77 2945 193 2974 terum
225 2952 338 2984 genus
369 2942 604 2983 Ingaevones,
640 2951 787 2982 quorum
820 2952 904 2983 pars
939 2941 1093 2982 Cimbri,
1128 2942 1285 2973 Teutoni
1318 2953 1361 2974 ac
1387 2942 1614 2974 Chaucorum
1645 2946 1796 2984 gentes3

76 2998 230 3039 proximi
257 3001 377 3030 autem
402 2998 528 3029 Rheno
555 2998 773 3037 Istaevones‚
809 3008 955 3039 quorum
980 3008 1064 3040 pars
1091 2998 1229 3029 Cimbri
1254 2998 1530 3038 mediterranei;
1564 2999 1791 3036 Hermiones,

79 3064 227 3095 quorum
253 3054 380 3095 Suevi,
405 3054 668 3094 Hermunduri,
697 3053 839 3093 Chatti,
868 3053 1043 3086 Cherusci
1070 3056 1115 3085 ..”
1142 3055 1229 3086 Plin.
1249 3055 1295 3086 H.
1314 3055 1356 3086 N.
1375 3054 1559 3096 IV.14,·28.
