2081 3517
143 240 295 261 HELIANI
315 240 360 261 DE
379 240 496 261 BELLO
517 240 613 262 Svsc.
629 240 712 262 ADV.
727 240 856 262 VENET.
873 241 916 261 ET
935 240 1073 262 TVRCAS
1094 240 1227 261 ORATIO
1248 240 1417 260 MAXIMH..
1434 240 1516 262 AVG.
1533 241 1653 262 DICTA.
1704 220 1798 268 179

97 348 200 386 sunt,
236 354 306 378 non
339 348 455 378 tamen
489 345 577 378 deus
603 348 711 378 tanta’
734 343 950 389 proditionis
980 344 1074 378 ultor
1103 342 1332 378 oblitteravit:
1371 345 1521 389 sanyuis
1551 346 1689 380 iliorum
1722 347 1795 380 cla-

99 403 175 434 mat
201 409 314 445 super
340 410 400 434 vos
429 404 461 434 et
489 409 602 445 super
625 401 718 445 filios
747 403 882 435 vestros
912 403 994 434 ante
1024 401 1146 446 mayni
1180 399 1237 433 dei
1268 399 1436 434 tribunal.
1496 410 1574 444 vos,
1609 412 1688 444 cos,
1728 413 1797 437 non

103 455 134 490 T
134 465 251 499 arcce,
282 456 380 490 illum
405 465 572 490 cruorem
602 456 801 501 effudistis.-
829 459 967 501 tempus
991 457 1058 490 erit
1080 467 1148 502 quo
1177 465 1238 491 vos
1268 456 1409 490 illorum
1438 456 1555 491 ccedes
1585 455 1704 502 (atque
1734 460 1801 492 uti-

101 522 185 546 nam
213 522 284 545 non
309 521 389 545 cum
416 512 545 547 bestris
587 510 754 557 Venetiis)
794 516 908 545 vestro
943 513 1118 557 sanquine
1153 511 1369 557 rependetis.
1430 524 1514 546 nam
1551 513 1638 558 qaid
1670 523 1731 559 cyo
1768 515 1803 547 in

55 570 70 594 5
99 570 196 602 tanto
222 567 392 613 facinore
421 568 629 613 deplorem?
660 568 739 614 quis
768 578 839 601 non
867 569 963 602 omni
989 568 1085 610 odio,
1117 569 1214 602 omni
1234 579 1367 613 poena,
1398 570 1495 603 omni
1523 570 1698 614 supplicio
1735 569 1801 604 Ver

99 627 197 659 nelos
223 623 347 669 diynos
364 626 537 668 putaret?
571 623 643 657 Hic
672 634 744 657 non
774 633 829 657 me
859 624 943 658 radi
966 628 1028 658 (cut
1053 625 1208 669 simplici
1231 628 1430 659 narratore
1467 635 1559 671 opus
1595 630 1703 667 essct,
1741 625 1806 659 scd

99 679 189 726 forti
207 679 325 725 aliquo
348 683 453 725 atque
476 679 672 715 vehementi
692 683 839 713 oratore
862 684 924 714 aut
942 681 1022 713 acri
1034 681 1283 725 prcedicatore
1304 690 1352 715 ea:
1380 680 1436 715 liis
1465 682 1527 727 qui
1548 682 1652 727 pleni
1673 683 1802 727 spiritu

101 739 223 770 sancto
252 735 302 770 ad
328 736 506 780 populum
536 736 747 770 concionari
773 736 904 770 solent:
942 740 1099 781 quantas
1135 736 1365 782 lachrymas,
1411 742 1583 783 quantam
1621 738 1892 780 inoicliam,§.⁴·2.

101 796 258 838 quantas
283 791 544 837 indzynationes
577 793 755 826 excitaret
785 791 974 837 superbia,
1007 794 1187 837 potentia,
1227 795 1475 838 corruptellce,
1540 789 1805 840 ‚23:1222332„¹f'²”²⁴-

60 848 225 894 ¹0furta,
261 849 423 894 rapince,
462 849 733 893 oppressiones,
777 849 988 893 sacrileyia,
1028 849 1270 893 proditiones,
1309 850 1562 894 immanitates,
1609 852 1806 896 impietates

111 903 343 947 Venetorum,
369 905 431 950 qui
459 905 529 938 iam
561 905 609 939 ita
634 904 865 938 indomabiles
891 904 985 950 sacti
1009 909 1110 947 sunt,
1136 909 1174 939 ut
1200 916 1280 940 cum
1314 910 1484 951 quattuor
1514 907 1805 943 Christianorum

94 961 348 1005 potentissimis
370 960 599 1006 principibus
620 961 663 995 de
690 970 830 995 summa
860 970 983 995 rerum
1013 961 1202 995 decertare
1227 962 1394 1005 audeant,
1426 968 1459 996 et
1486 973 1531 997 ne
1559 964 1640 998 victi
1664 963 1805 1010 quidem

100 1018 284 1062 quiescere
305 1017 467 1062 possint,
504 1018 568 1063 qui
598 1017 813 1062 exputando,
847 1017 1100 1059 subornando,
1139 1018 1368 1053 corradendo
1397 1030 1564 1065 maynum
1595 1030 1644 1054 eac
1674 1021 1803 1054 ricino—

102 1083 182 1107 rum
214 1072 359 1107 urbibus
387 1074 577 1118 imperium
607 1073 674 1107 sibi
706 1073 929 1119 confirmem,-
965 1075 1028 1120 qui
1062 1083 1165 1108 omne
1195 1085 1347 1117 aurum,
1390 1081 1597 1121 aryentum,
1630 1086 1803 1121 ycmmas,

61 1132 88 1156 ¹5
104 1139 209 1172 vasa,
240 1130 364 1175 siyna,
397 1129 555 1172 tabulas,
583 1129 734 1175 denique
762 1129 931 1175 quicquid
950 1129 1112 1175 pulchri,
1143 1131 1312 1176 quicquid
1330 1133 1494 1176 preciosi
1520 1133 1556 1166 in
1587 1136 1653 1167 toto
1685 1136 1804 1166 terra-

99 1196 180 1220 rum
219 1186 304 1220 orbe
342 1186 500 1230 reperiri
528 1188 664 1231 potuit,
703 1186 741 1220 id
767 1190 873 1219 totum
908 1187 1011 1220 malis
1045 1186 1184 1220 artibus
1225 1186 1388 1222 Venetias
1425 1192 1744 1234 comportaverunt
1775 1193 1806 1221 et

99 1248 376 1287 conyesserunt‚·
403 1243 466 1287 qui
494 1251 596 1276 mare
627 1252 672 1276 ac
697 1247 818 1276 terras
848 1242 1144 1284 intercludentes,
1185 1248 1405 1278 mercatores
1437 1254 1519 1279 cum
1548 1245 1725 1280 mercibus
1750 1245 1806 1278 in-

99 1299 343 1343 tercipientes,
384 1297 590 1332 navarctzos
630 1309 709 1333 cum
750 1298 899 1332 navibus
933 1299 1195 1344 (lenieryentes‚
1240 1301 1468 1343 vcnenando,
1513 1301 1700 1344 necando,
1738 1310 1803 1335 ea:-

99 1354 297 1389 cruciando
341 1355 461 1388 omnia
504 1364 656 1396 cruore,
703 1355 821 1388 omnia
860 1354 1058 1400 lachrymis
1100 1359 1132 1388 et
1171 1355 1364 1400 funeribus
1402 1358 1644 1402 complevere·
1688 1358 1804 1391 omnia

53 1418 86 1442 20
98 1410 244 1456 yabellis
281 1414 315 1445 et
346 1410 461 1444 daciis
492 1415 525 1445 et
548 1411 724 1456 portoriis
749 1411 940 1455 tyrannica
967 1412 1135 1445 servitute
1161 1410 1369 1456 foedavere;
1400 1419 1654 1448 sacrosanctos
1680 1423 1804 1448 sacer-

98 1467 196 1501 dotes
246 1467 463 1512 torquendo,
512 1467 603 1501 bona
647 1467 805 1501 ecclesiae
854 1472 1067 1501 consecrata
1098 1467 1395 1512 prophanando,
1444 1480 1620 1504 summum
1663 1469 1804 1515 pontifi-

97 1533 174 1557 cem
201 1523 455 1558 contemnendo
482 1534 553 1568 per
584 1524 735 1557 mclncra
765 1527 891 1557 nostra
916 1528 949 1557 et
966 1533 1038 1568 per
1068 1524 1252 1557 commoda
1281 1534 1403 1559 eorum
1426 1528 1587 1572 propria
1618 1536 1687 1560 sua
1719 1526 1797 1560 reli-

95 1581 232 1626 9ionem
274 1579 517 1615 Christianam
552 1580 604 1613 ad
634 1579 704 1613 lias
742 1580 895 1624 &siquas
921 1580 1085 1625 Europce
1120 1582 1305 1625 anyustias
1342 1592 1387 1616 ac
1422 1583 1578 1617 latebras
1613 1582 1804 1617 deductam

92 1645 189 1682 pene
217 1636 485 1679 subverterunt,
518 1640 557 1670 ut
582 1646 663 1670 cum
693 1635 725 1670 T
725 1646 898 1670 arcarum
920 1635 1020 1681 Rcye
1049 1637 1151 1671 tacite
1178 1639 1410 1682 conspirasse
1439 1642 1471 1672 et
1497 1640 1625 1684 partiti
1650 1648 1727 1673 esse
1756 1639 1803 1673 vi—

53 1700 85 1723 ‘2⁵
100 1692 277 1734 deantur,
318 1697 354 1727 ut
378 1693 510 1727 scilicet
540 1693 597 1727 itte
624 1693 807 1735 orientali,
846 1693 917 1738 ipsi
944 1693 1156 1727 occidentali
1184 1694 1336 1738 imperio
1366 1697 1523 1730 contenti
1550 1697 1639 1734 sint‚·
1674 1695 1808 1729 inimici

97 1748 302 1791 nobilitatis,
343 1752 603 1794 contemptores
625 1750 859 1794 principum,
889 1749 1112 1794 dirreptores
1137 1760 1182 1784 ac
1211 1750 1429 1785 incendiarii
1456 1751 1607 1795 urbium,
1634 1752 1804 1797 spoliato-

97 1815 157 1839 res
179 1807 454 1850 provinciarum
471 1833 479 1848 ,
513 1805 630 1840 hostes
659 1815 872 1849 sacrorum,
899 1806 1170 1851 depeculatores
1201 1807 1410 1851 reipublicce
1436 1807 1672 1852 Cliristiance,
1710 1807 1805 1842 labes

96 1865 130 1896 et
153 1863 336 1906 pernicies
362 1861 684 1907 lezanam'yeneris.
737 1861 877 1896 Siccine
901 1862 1071 1904 dormitis,
1102 1874 1121 1897 o
1145 1862 1337 1898 Germani!
1365 1869 1552 1910 expectate
1574 1873 1782 1911 parumper
1793 1877 1803 1897 .·
1819 1869 1894 1900 §.t-01.

96 1929 181 1952 nam
212 1918 295 1953 dum
327 1928 387 1952 vos
415 1919 730 1953 consultationibus
754 1920 908 1961 vacatis,
937 1919 988 1952 illi
1015 1920 1201 1959 nocturnis
1229 1921 1338 1954 scalis
1375 1920 1553 1955 Veronam
1586 1921 1802 1967 (tyyrediun-

52 1981 84 2006 3⁰
99 1978 171 2010 tur.
240 1974 309 2009 Vos
341 1976 455 2009 armis
483 1975 606 2020 inclyti
629 1984 691 2009 eas
718 1976 929 2019 iynominias
959 1979 1090 2009 contra
1120 1985 1255 2009 morem
1282 1977 1458 2011 maiorum
1487 1982 1685 2012 vestrorum
1718 1977 1796 2011 tole-

95 2032 204 2074 ratis,
238 2041 330 2077 quas
362 2032 423 2066 vix
458 2032 578 2076 iynctei
603 2041 646 2065 ac
677 2031 904 2073 umbratiles,
941 2033 1002 2066 via:
1035 2032 1277 2075 mulierculce,
1311 2033 1449 2068 medius
1477 2034 1605 2078 fidius,
1647 2034 1803 2068 tolerare

89 2092 249 2132 possent.
309 2087 354 2122 oli
396 2087 426 2121 si
463 2098 560 2122 nunc
595 2089 751 2123 viverent
783 2089 833 2122 itti
862 2087 994 2122 Cimbri
1026 2098 1070 2121 ac
1104 2087 1302 2123 leeatones
1331 2090 1394 2135 qui
1433 2100 1510 2125 cum
1544 2090 1580 2126 C.
1607 2089 1728 2124 Mario
1760 2089 1802 2122 (le

94 2144 244 2189 imperio
276 2143 372 2178 orbis
403 2144 680 2186 dimicaverunt,
726 2148 758 2178 et
795 2145 846 2178 illi
878 2145 940 2190 qui
978 2154 1057 2178 cum
1097 2143 1132 2179 C.
1166 2144 1258 2179 Iulio
1292 2145 1454 2189 Caesare,
1519 2141 1802 2191 gssssssffi‘ffiffm1ssc‘0sfa

100 2199 271 2243 Traiano,
305 2200 498 2243 Antonino,
530 2201 677 2242 Fulvia,
709 2199 861 2243 Severo,
895 2200 1096 2236 Constantio
1121 2205 1154 2234 et
1182 2211 1259 2235 cum
1291 2203 1370 2236 aliis
1399 2203 1570 2248 pluribus
1606 2205 1800 2248 imperato—

51 2262 83 2287 35
98 2254 199 2291 ribus
232 2260 278 2291 tot
314 2256 403 2291 bella
435 2260 647 2303 yesserunt,
691 2260 724 2290 et
753 2258 817 2303 qai
853 2256 1056 2299 Quintilium
1096 2256 1231 2292 Varum
1263 2257 1467 2293 Romanum
1504 2260 1684 2293 consulem
1721 2268 1801 2292 cum

95 2317 141 2347 tot
167 2313 360 2359 leyionibus
388 2313 680 2356 trucidaverunt3
714 2318 745 2346 et
769 2313 818 2347 illi
839 2315 900 2359 qui
920 2314 1151 2348 Britanniam
1179 2314 1379 2360 ‘Anyliam',
1405 2320 1552 2360 partem
1574 2315 1647 2349 Hi·
1680 2310 1682 2354 [
1704 2325 1800 2352 Αηςιια.

93 2371 236 2415 spanice
269 2367 567 2413 ‘Vandaliciam',
601 2374 746 2415 partem
774 2369 894 2404 Italae
926 2369 1240 2415 ‘Lonyobardiam'
1280 2382 1301 2405 a
1335 2381 1374 2405 se
1411 2372 1554 2406 devictis
1595 2365 1799 2423 {sgxg'ggg‘ssssh

91 2427 252 2472 yentibus
284 2426 327 2460 de
359 2427 434 2461 suis
461 2426 659 2461 nominibus
688 2432 964 2472 nuncupcwcret
1009 2426 1076 2461 Ubi
1108 2437 1205 2461 nunc
1236 2431 1321 2462 sunt
1355 2428 1407 2462 illi
1436 2428 1585 2474 Usipites
1621 2432 1653 2463 et
1680 2429 1797 2463 Ttien-
1813 2431 1890 2462 §.42

95 2483 202 2525 cieri,
235 2483 287 2516 itti
313 2481 438 2526 Saevi,
466 2483 518 2517 itti
546 2482 735 2525 Saxones,
775 2487 808 2517 et
836 2482 1115 2527 Marcomanni,
1157 2483 1293 2526 Quadi,
1339 2484 1447 2527 Catti,
1487 2484 1683 2528 Sicambri,
1722 2485 1796 2520 He-

51 2543 83 2568 40
97 2539 187 2581 ruli,
233 2538 406 2581 Vandali,
446 2539 539 2581 Goti,
578 2550 730 2584 qaorum
761 2540 887 2574 milites
917 2540 999 2574 boni
1022 2540 1130 2574 duces
1162 2546 1267 2575 erant
1295 2544 1328 2574 et
1357 2541 1465 2575 duces
1490 2531 1711 2587 ipsi'mayni
1735 2542 1797 2576 ke—

94 2597 200 2629 roes.’
239 2600 270 2629 et
309 2596 360 2629 illi
387 2596 449 2640 qui
485 2606 566 2630 cum
603 2596 792 2637 Heni-icis,
838 2595 1037 2639 Ottonibus,
1078 2597 1269 2641 Consulis,
1307 2598 1491 2632 Fetlericis
1523 2599 1800 2644 imperatoribus

93 2653 169 2685 suis
200 2652 463 2686 sanctissimam
494 2651 824 2698 Hierosolymorum
859 2656 997 2687 terram
1030 2663 1181 2688 suorum
1213 2664 1408 2699 corporum
1446 2656 1665 2700 oppositione
1702 2656 1800 2689 toties

93 2707 350 2753 defensarunt,
383 2719 535 2753 qaorum
566 2709 730 2753 troplia’a
754 2709 996 2744 memorabilia
1027 2709 1146 2744 (ulliae
1171 2711 1335 2754 pendere
1359 2713 1585 2745 cernuntur?
1635 2710 1704 2745 Vos
1734 2712 1798 2756 iyi-

96 2769 172 2807 tur,
211 2766 274 2811 qui
301 2765 383 2798 estis
414 2775 537 2800 eorum
568 2765 759 2799 indubitati
791 2767 872 2810 filii,
911 2766 1100 2801 iiulubitati
1132 2776 1362 2801 successores
1395 2768 1554 2810 virtutis,
1592 2767 1739 2802 lionoris
1769 2771 1801 2800 et

50 2826 81 2850 45
93 2822 237 2866 ylorice,
276 2822 383 2855 velitis
412 2823 515 2856 etiam
547 2832 624 2856 esse
654 2824 730 2857 veri
754 2823 947 2857 imitatores
978 2825 1012 2857 in
1044 2823 1260 2858 exercendis
1289 2824 1357 2857 iltis
1388 2822 1631 2858 luereditariis
1661 2825 1795 2858 virtuti—

95 2877 179 2920 bus,
207 2888 297 2923 quas
326 2879 400 2913 scio
428 2879 462 2912 in
491 2878 583 2913 vobis
610 2888 686 2913 esse
711 2890 821 2926 quam
848 2881 1030 2914 maximas
1057 2884 1090 2914 et
1118 2891 1228 2925 qttam
1250 2880 1442 2925 plurimas.

185 2976 221 2998 1-2
248 2977 303 3008 Cf.
323 2977 453 3009 Matth.
475 2987 604 3019 evang.
622 2977 731 3008 XXV.
751 2977 804 3008 27.
875 2976 888 2996 9
915 2977 1128 3019 corruptelae
1148 2980 1180 3008 2.
1244 2976 1268 2997 ¹¹
1297 2975 1476 3019 quattuor]
1496 2977 1687 3009 Cameraei
1714 2988 1797 3009 con-

96 3033 297 3065 foederatis.
377 3032 402 3053 ¹³
428 3032 506 3075 pfit:
528 3037 556 3064 1.
584 3037 742 3075 possunt.
763 3036 794 3065 2.
876 3033 904 3053 ²⁹
929 3035 982 3065 De
1008 3034 1075 3065 hoe
1104 3034 1294 3065 Benedicti
1321 3035 1509 3076 Peregrini
1535 3037 1795 3076 stratagemate

95 3090 230 3121 frustra
261 3093 437 3131 temptato
454 3100 536 3121 non.
556 3091 639 3131 Apr.
657 3101 688 3121 a.
711 3089 801 3121 1510.
823 3091 903 3121 vide
925 3091 1046 3121 Hemb.
1066 3090 1128 3121 lib.
1151 3089 1198 3121 10.
1263 3088 1290 3109 ³⁴
1316 3091 1472 3122 Antonio
1492 3093 1564 3124 1.2.
1627 3090 1694 3111 ³³³⁹
1720 3095 1795 3122 ten-

95 3146 250 3178 ehateri:
281 3149 309 3177 l.
380 3147 497 3177 (madi
523 3148 551 3178 1.

1440 3191 1520 3230 12*
