2081 3517
966 301 1203 340 LECTVRIS
1236 300 1273 338 S.

359 402 448 432 Post
475 411 519 431 ca
546 410 622 440 quae
651 397 695 428 ad
720 397 872 437 primam
906 393 1030 423 11011101
1064 392 1269 432 poematum
1299 391 1440 430 partem
1472 398 1493 419 a
1524 388 1629 419 nobis
1661 389 1846 429 disputata
1878 391 1970 427 sunt,

272 457 318 488 ad
334 457 427 488 hanc
454 456 617 493 alteram,
647 463 751 494 quam
776 460 850 492 prae
870 447 1001 480 ceteris
1020 445 1269 477 Caesarianam
1295 446 1369 477 sive
1387 443 1675 476 Maximilianam
1700 454 1768 475 uno
1794 444 1971 475 vocabulo

271 513 392 544 dicere
417 511 550 553 possis,
587 510 623 539 in
654 509 858 539 universum
889 512 1008 545 pauca
1040 502 1297 543 praemoncnda
1325 511 1402 532 esse
1428 500 1596 531 videntur
1628 498 1844 541 (singulares
1878 500 1972 530 enim

270 567 507 609 praefationes
533 563 758 604 sequentur),
788 564 821 592 ct
847 559 999 601 primum
1025 557 1167 598 quidem
1193 557 1235 588 de
1261 556 1427 598 partibus
1453 556 1513 587 hic
1539 555 1715 596 receptis,
1747 558 1822 586 tum
1847 555 1890 586 de
1917 555 1971 586 015

271 634 348 664 quae
380 623 478 663 prius
511 632 531 652 a
562 620 666 650 nobis
700 618 797 649 edita
830 626 872 646 ex
903 615 971 645 hoc
1002 613 1183 644 volumine
1220 612 1427 653 ableganda
1458 612 1615 643 fuerunt.
1663 611 1827 642 Partium
1852 614 1973 642 autem

270 681 499 719 receptarum
526 673 748 716 conplurium
767 671 949 712 duplicem
967 670 1217 701 recensionem
1238 671 1371 705 extare,
1399 667 1492 708 quod
1509 667 1552 698 de
1569 666 1721 698 Nemine
1739 670 1820 708 post
1835 666 1972 697 1311101(-

270 734 419 765 harduin
446 732 547 773 quasi
573 740 647 761 rem
672 728 778 760 valde
812 725 1083 757 memorabilem
1115 724 1317 766 praedicare
1343 723 1479 762 solent,
1512 722 1684 754 Eobanus
1708 722 1847 754 Hessus
1880 722 1976 762 (nam

269 790 352 820 huic
385 788 509 819 deberi
543 786 699 827 Operum
730 783 954 825 poeticorum
988 791 1080 812 anno
1108 779 1203 812 1538.
1229 779 1455 821 publicatam
1488 778 1683 810 editionem
1713 788 1784 809 non
1817 777 1975 820 ambigo)

271 844 432 886 quamvis
465 853 533 873 non
568 839 810 882 ignoraverit,
849 841 972 868 tamen
1004 839 1102 867 certe
1136 836 1281 877 penitus
1313 834 1492 876 neglexit;
1535 834 1709 865 Gruterus
1747 836 1867 864 autem
1898 844 1976 865 cum

273 900 440 931 ι1301111115
465 900 653 939 poetarum
672 895 940 926 Germanorum'
968 892 1175 934 colligeret,
1203 891 1358 922 Hutteni
1383 889 1604 922 carminibus
1630 888 1741 920 aliam
1768 899 1890 920 curam
1915 889 1975 920 ad-

271 955 390 987 hibuit
416 953 551 984 nullam
579 961 682 992 quam
708 954 747 982 ut
771 950 882 981 Hessi
909 948 1128 990 exemplum,
1156 947 1335 978 sordidius
1360 945 1449 977 illud
1475 955 1581 986 quam
1608 945 1652 976 ab
1677 945 1834 976 Hutteni
1860 945 1977 976 amico

273 1011 362 1042 ferri
388 1009 518 1051 possit,
552 1008 622 1038 nisi
654 1017 720 1038 sua
751 1007 830 1047 ipse
863 1007 1034 1047 poemata
1067 1003 1111 1034 ab
1138 1002 1274 1033 eisdem
1300 1002 1420 1043 operis
1448 1001 1574 1032 eadem
1599 1001 1724 1042 negoti
1749 1001 1898 1042 gerendi
1922 1001 1977 1032 in—

273 1066 381 1097 scitia
407 1064 562 1096 exscribi
587 1072 714 1104 passus
741 1064 838 1093 esset
862 1061 1051 1098 Eobanus,
1087 1058 1457 1089 Francofurtcnsibus
1490 1057 1609 1097 operis
1642 1056 1879 1097 repetendum
1904 1059 1976 1088 tra-

273 1124 391 1159 deret,
428 1120 727 1161 epigrammatum
760 1118 835 1149 fere
870 1119 997 1157 quarta
1027 1117 1131 1156 parte
1166 1124 1208 1145 ac
1235 1114 1265 1144 si
1290 1123 1360 1144 non
1388 1112 1575 1144 extiterint
1600 1111 1732 1143 omissa
1758 1115 1821 1143 aut
1845 1111 1976 1144 deleta.

271 1176 463 1207 Miinchius
482 1175 648 1216 denique,
678 1173 841 1215 quamvis
859 1171 1139 1203 Vindobonense
1160 1168 1360 1210 exemplum
1379 1168 1469 1208 (Ind.
1489 1168 1657 1210 bibliogr.
1673 1168 1775 1199 Hutt.
1790 1178 1884 1199 num.
1900 1168 1977 1207 VI.)

274 1233 318 1263 ad
343 1242 470 1263 manus
496 1231 668 1270 haberet,
702 1233 739 1260 ut
772 1229 840 1260 fuit
871 1227 978 1269 plane
1013 1225 1241 1257 admirabilis
1266 1224 1510 1266 neglegentiae
1536 1224 1641 1255 homo
1675 1227 1710 1255 et
1740 1224 1897 1255 inscitiae
1923 1234 1977 1255 se-

274 1289 472 1319 curissimae
498 1286 742 1327 socordizeque
769 1284 961 1322 studiosus,
989 1283 1020 1314 si
1045 1293 1116 1314 11011
1143 1284 1306 1312 curasset
1331 1284 1369 1312 ut
1395 1280 1576 1312 sordidum
1602 1280 1779 1311 sordidius
1804 1280 1976 1311 transcri-

272 1345 429 1383 beretur,
458 1341 764 1383 metamorphosin
789 1350 918 1382 passus
944 1340 1137 1370 diceretur.
1180 1339 1301 1378 itaque
1328 1347 1407 1368 cum
1433 1336 1476 1367 de
1503 1336 1706 1367 adhibendo
1733 1346 1796 1367 suo
1816 1335 1978 1377 exemplo

272 1399 533 1441 Erphurdiensi
553 1398 643 1439 (Ind.
664 1397 833 1438 bibliogr.
850 1397 952 1427 Hutt.
968 1406 1064 1426 1111111.
1079 1395 1139 1425 xl.
1159 1394 1206 1433 2.)
1232 1404 1276 1424 ne
1295 1393 1434 1424 Hessus
1453 1392 1595 1433 quidem
1615 1391 1824 1432 cogitasset,
1851 1391 1978 1422 mirum

274 1466 343 1486 11011
371 1459 425 1486 est
453 1466 472 1485 a
498 1453 718 1494 sequacibus
743 1453 779 1484 id
804 1452 1011 1494 neglectum
1038 1461 1134 1489 esse,
1170 1454 1209 1480 ut
1240 1453 1385 1480 taceam
1412 1448 1454 1479 de
1481 1448 1694 1488 Corycianis
1721 1447 1848 1479 aliisve
1872 1447 1978 1479 libris

274 1511 402 1552 quibus
428 1521 498 1541 11011
524 1509 623 1540 nulla
648 1512 808 1539 nostrum
835 1508 1035 1549 exemplum
1062 1507 1181 1538 debet.
1230 1506 1285 1536 De
1311 1504 1413 1535 modo
1441 1504 1610 1535 editionis
1636 1503 1908 1534 Exhortationis
1933 1503 1979 1534 ad

273 1565 562 1597 Maximilianum
589 1568 623 1596 et
648 1565 786 1596 heroici
812 1564 854 1595 de
882 1563 1075 1595 Germania
1101 1572 1172 1593 11011
1198 1561 1371 1603 degeneri
1397 1560 1567 1591 carminis
1592 1559 1774 1600 primariae
1801 1569 1879 1590 cum
1906 1559 1978 1590 edi—

274 1622 370 1653 tione
397 1626 598 1653 retractata
625 1624 803 1661 auctaque
831 1619 1072 1659 coniungendi
1098 1628 1168 1649 11011
1201 1616 1403 1648 inconsulto
1435 1616 1547 1647 statui
1576 1618 1766 1656 utramque
1798 1614 1979 1655 integram

276 1678 462 1716 exhibere,
498 1681 537 1708 ut
568 1678 604 1708 in
637 1676 774 1708 edendo
798 1676 951 1707 Nemine
977 1675 1055 1706 fieri
1081 1674 1224 1712 debuit,
1258 1674 1309 1703 ita
1341 1675 1380 1703 ut
1411 1672 1598 1712 utriusque
1631 1671 1755 1702 formae
1781 1669 1978 1702 diversitas

275 1733 485 1765 diversitate
513 1737 675 1774 typorum
703 1732 944 1763 adhibitorum
970 1732 1047 1762 sine
1073 1730 1273 1771 legentium
1299 1727 1596 1760 incommoditate
1623 1726 1851 1758 oculorumve
1870 1726 1979 1758 offen-

273 1790 373 1820 sione
400 1790 592 1831 perspicua
620 1791 731 1820 esset:
759 1787 869 1818 malui
896 1787 990 1818 enim
1015 1787 1142 1828 paucis
1170 1786 1304 1816 chartae
1324 1784 1422 1815 foliis
1443 1787 1477 1814 ct
1496 1783 1634 1823 aliquot
1652 1783 1740 1814 meis
1758 1783 1854 1814 horis
1873 1793 1978 1824 quam

272 1845 427 1876 utilitati
460 1848 495 1876 et
530 1844 776 1876 commoditati
808 1844 912 1873 huius
947 1841 1103 1883 exempli
1135 1852 1206 1873 non
1237 1850 1399 1882 parcere.
1450 1840 1500 1870 Ac
1526 1838 1653 1869 similis
1680 1848 1793 1870 causa
1820 1842 1875 1870 est
1900 1849 1978 1880 quae

273 1912 326 1931 me
352 1901 463 1932 movit
490 1904 527 1931 ut
553 1900 724 1942 conplura
751 1900 902 1930 aliorum
928 1899 1082 1939 scripta,
1117 1897 1300 1928 orationes
1328 1900 1364 1927 et
1389 1895 1566 1934 carmina,
1603 1905 1681 1925 cum
1706 1895 1908 1936 praesertim
1934 1895 1979 1926 ad

272 1956 498 1987 Ilutteniana
536 1957 670 1988 rectius
709 1955 926 1987 aestimanda
965 1954 1112 1995 egregie
1152 1954 1275 1984 facere
1314 1952 1593 1989 intellexissem,
1636 1952 1717 1992 ipsa
1755 1953 1876 1981 autem
1918 1954 1980 1982 aut

273 2013 415 2043 omnino
440 2012 611 2054 neglecta
631 2015 692 2042 aut
718 2011 1005 2052 infrequentiora
1032 2020 1110 2040 esse
1136 2009 1325 2047 vidissem,
1354 2011 1524 2049 quantum
1540 2007 1640 2048 potui
1658 2006 1851 2038 emendata
1867 2009 1903 2038 et
1926 2006 1978 2037 in-

271 2067 427 2099 lustrata
452 2071 527 2099 tum
544 2068 799 2099 Exhortationi
825 2070 898 2097 tum
924 2066 1082 2097 heroicis
1109 2069 1234 2096 contra
1254 2065 1413 2095 Venetos
1433 2063 1653 2094 carminibus
1672 2062 1865 2094 adicerem.
1896 2073 1979 2093 nam

273 2124 364 2164 quod
390 2124 434 2155 ad
460 2125 570 2155 totius
595 2124 700 2155 huius
727 2124 846 2165 operis
873 2123 1051 2153 rationem
1077 2132 1193 2153 meam
1221 2120 1473 2162 explicandam
1504 2119 1618 2160 primo
1651 2119 1776 2149 statim
1807 2118 1980 2150 volumini

271 2180 446 2221 praefatus
471 2191 563 2219 sum,
593 2181 704 2211 etiam
729 2190 824 2210 nunc
850 2182 887 2210 ut
912 2178 1123 2220 perficerem
1149 2177 1272 2208 sedulo
1298 2176 1434 2215 studui,
1463 2175 1500 2206 id
1527 2178 1579 2206 est
1603 2178 1641 2205 ut
1665 2175 1819 2206 Hutteni
1843 2175 1980 2216 scripta

272 2236 324 2266 ita
351 2236 509 2275 ederem,
544 2246 589 2267 ne
616 2237 711 2267 inter
736 2245 842 2276 puros
867 2235 1100 2265 historiarum
1127 2244 1171 2264 ac
1197 2234 1401 2264 litterarum
1430 2231 1730 2263 Germanicarum
1754 2230 1875 2262 fontes
1901 2241 1980 2272 quae

272 2293 521 2333 reciperentur
546 2302 609 2333 per
635 2303 687 2322 me
713 2291 863 2332 indigna
890 2294 1022 2321 essent.
1072 2289 1165 2320 unde
1194 2298 1420 2329 consequens
1448 2290 1519 2325 est,
1549 2286 1657 2327 quod,
1687 2287 1798 2328 siquis
1825 2286 1979 2318 celerius

271 2348 350 2379 haee
375 2347 559 2379 volumina
585 2348 821 2389 percurrerit,
855 2347 981 2377 mirum
1007 2345 1121 2376 videri
1148 2345 1262 2385 possit
1289 2354 1330 2374 ac
1364 2343 1475 2374 nimia
1507 2342 1660 2374 licentia
1693 2342 1849 2382 factum,
1883 2342 1980 2374 haud

270 2414 389 2445 pauca
414 2415 468 2435 1110
494 2405 658 2445 recipere
685 2413 762 2444 quae
788 2413 858 2434 11011
884 2403 995 2434 50111111
1015 2402 1214 2432 Huttenum
1241 2402 1423 2431 auctorem
1449 2409 1519 2430 non
1544 2399 1760 2438 habuerunt⁷
1788 2399 1851 2430 sed
1875 2409 1979 2431 nemo

272 2459 353 2490 dum
377 2460 538 2491 Hutteno
566 2459 817 2500 adscripserit:
852 2459 975 2499 itaque
1007 2457 1163 2488 lectores
1197 2456 1256 2496 qui
1288 2455 1501 2496 diligentius
1530 2454 1586 2485 his
1619 2455 1788 2495 operibus
1822 2455 1979 2486 studium

272 2516 521 2557 impenderint,
550 2515 659 2547 facile
686 2515 799 2546 multa
817 2515 1018 2545 Huttenica
1044 2511 1261 2544 commodius
1287 2510 1500 2552 pleniusque
1527 2521 1633 2552 quam
1660 2511 1866 2542 adnotando
1894 2511 1978 2542 effe-

273 2572 418 2611 cissem,
452 2572 541 2613 ipsis
568 2571 640 2602 illis
667 2570 934 2601 adiectionibus
962 2568 1138 2610 explicari
1166 2571 1201 2598 et
1227 2567 1396 2598 adornari
1421 2567 1597 2598 viderint:
1632 2567 1798 2607 equidem
1823 2577 1894 2598 non
1920 2567 1978 2598 de-

268 2627 461 2659 licatorum
479 2627 718 2659 oblectationi
742 2626 805 2658 sed
830 2626 1003 2657 bonarum
1028 2624 1232 2655 litterarum
1256 2623 1559 2664 historiarumque
1585 2623 1824 2654 studiosorum
1850 2623 1980 2654 instru-

273 2683 387 2715 ctioni
412 2683 507 2714 hanc
535 2683 733 2715 editionem
760 2682 955 2713 destinavi.
1006 2680 1140 2712 Contra
1167 2690 1245 2720 quae
1270 2679 1514 2710 voluminibus
1541 2682 1626 2709 ante
1652 2678 1720 2709 hac
1746 2679 1853 2710 editis
1877 2689 1980 2720 repe-

271 2741 341 2770 tita
368 2740 412 2770 ab
438 2739 507 2771 hac
533 2742 738 2781 poematum
763 2741 866 2779 parte
895 2738 1024 2768 abesse
1050 2736 1148 2767 volui
1173 2745 1291 2777 pauca
1317 2735 1522 2776 poematia,
1555 2738 1593 2765 ut
1626 2744 1735 2775 supra
1765 2735 1979 2773 monuimus,

272 2796 405 2826 iustum
429 2795 492 2826 ubi
518 2795 616 2826 edita
642 2797 723 2826 suut
750 2795 968 2825 invenerunt
991 2792 1109 2824 locum
1137 2795 1173 2822 et
1199 2801 1300 2832 quem
1327 2801 1420 2821 nunc
1448 2801 1604 2832 quoque⁷
1633 2791 1704 2821 nisi
1729 2790 1759 2821 si
1785 2789 1862 2821 sola
1887 2789 1979 2820 Hut—

272 2852 348 2881 teni
373 2855 541 2892 poemata
572 2851 660 2882 mihi
694 2850 833 2881 edenda
866 2849 1002 2887 forent,
1038 2848 1090 2879 eis
1122 2848 1262 2885 darem,
1295 2847 1439 2888 singula
1472 2851 1594 2878 tamen
1621 2858 1661 2877 eo
1686 2846 1758 2877 loci
1782 2845 1979 2876 memoravi

272 2907 335 2937 ubi
360 2907 454 2937 inter
480 2907 599 2938 onmia
625 2907 787 2938 carmina
823 2904 1049 2937 conlocanda
1080 2904 1289 2936 videantur:
1324 2903 1366 2933 dc
1400 2913 1468 2933 una
1497 2902 1663 2944 Epistola
1695 2901 1815 2932 Italiae
1842 2900 1979 2931 ficticia

275 2972 354 2992 cum
378 2963 485 2994 Hcssi
511 2963 740 3003 responsoria
765 2972 888 2993 verum
913 2971 984 2992 non
1011 2963 1066 2992 est
1092 2959 1184 3001 quod
1209 2959 1312 2990 modo
1338 2959 1426 2996 dixi,
1455 2959 1517 2990 sed
1543 2959 1584 2990 de
1610 2958 1665 2989 his
1690 2957 1787 2988 infra
1813 2966 1874 2987 5110
1899 2955 1978 2987 1000

273 3016 472 3058 pleniorem
499 3018 769 3049 adnotationem
796 3018 881 3049 feci.
929 3017 1022 3048 Boni
1048 3014 1213 3055 consule,
1242 3014 1368 3045 lector.
