2081 3517
272 202 366 247 202
449 221 496 243 AD
513 220 722 243 ELECTORES
742 219 962 245 RELIQVOSQ.
981 216 1232 239 GERMANORVM
1250 216 1444 239 PRINCIPES
1463 216 1606 239 CARMEN
1625 217 1784 239 EXHORT-

533 325 668 361 Nostra
700 324 866 370 Sibyllino
893 322 1067 357 venientia
1097 322 1263 355 carmina
1291 321 1336 355 ab
1365 331 1445 365 ore,

467 393 518 419 280
537 381 609 417 Illa
635 381 712 424 tibi,
740 387 915 425 oppressa
939 377 1068 419 Italia,
1105 377 1299 412 Germania
1329 378 1471 412 tandem

534 437 629 473 Iura
657 436 770 478 dabit,
797 435 884 470 victo
911 437 943 468 et
971 433 1208 468 dominabitur
1233 433 1351 468 Adria
1377 433 1516 470 Rheno.

536 493 629 537 Quid
650 493 747 539 foret
775 491 932 524 Adriaeo
961 491 994 523 si
1021 488 1161 525 Nursia
1186 488 1286 536 forte
1314 489 1408 524 leoni

535 550 662 595 Nuper
688 549 725 582 in
755 547 904 592 aneipiti
930 555 1010 580 cum
1043 545 1143 581 Gallo
1173 540 1289 580 marte
1314 547 1455 591 potenti

532 606 722 641 Favisset?
751 607 851 637 tenus
880 601 951 636 hac
982 602 1035 636 illi
1053 613 1139 637 num
1167 601 1339 637 Insubria
1369 602 1465 637 dives

464 674 513 699 235
534 661 720 703 Cessisset,
747 659 916 704 Latioque
943 658 1050 693 urbes
1079 659 1251 693 retineret
1277 659 1313 692 in
1338 659 1435 693 omni

536 718 599 753 Tot
617 717 726 762 prius
754 711 953 761 oppressas
977 714 1140 760 aliasque
1165 717 1330 749 recenter
1354 715 1531 761 adeptas?

532 773 581 809 At
607 777 720 807 tecum
751 782 824 806 non
852 771 911 805 ille
940 770 1038 805 Foro
1067 775 1251 806 contentus
1275 770 1350 805 Iuli

532 830 805 874 Carnorumque
832 828 926 873 iuyis
955 831 987 861 et
1005 828 1187 873 pauperis
1213 837 1300 861 aree
1323 826 1476 862 Liburni

533 887 662 923 Castra
695 884 912 919 Tridentinis
934 884 1117 928 posuisset
1145 883 1315 918 moenz'bus
1337 883 1431 918 ultro

463 954 513 979 290
533 942 675 984 Pictas,
707 944 740 975 et
767 940 899 986 Alpina
929 949 1144 986 quacunque
1172 940 1209 973 in
1238 939 1323 974 sede
1349 943 1540 982 maneret,v

537 999 581 1035 Ut
606 998 666 1032 tibi
690 997 842 1032 noluerit
868 995 952 1042 fors
978 1006 1075 1030 nuno
1103 996 1263 1041 Auyusta
1290 996 1407 1029 timeri

535 1054 584 1090 Ob
612 1054 768 1089 studium
795 1053 926 1094 simile,
957 1055 990 1086 et
1015 1052 1222 1086 commertia
1252 1056 1375 1086 mutua
1405 1060 1549 1095 rerum,

530 1111 699 1147 Claustra
729 1115 847 1144 tamen
877 1109 1014 1143 cunctis
1044 1110 1216 1144 munisset
1241 1108 1278 1143 in
1308 1107 1480 1153 Alpibus,
1510 1108 1606 1143 unde

530 1166 613 1213 Ipsi
636 1167 772 1209 (editus,
803 1165 898 1202 vobis
924 1165 973 1200 ad
998 1174 1037 1200 se
1066 1166 1122 1200 via
1150 1165 1250 1199 nulla
1272 1168 1431 1210 pateret.

462 1236 511 1262 295
531 1225 578 1259 Et
606 1223 693 1270 quid
709 1223 826 1268 plura
853 1220 1002 1268 feram?
1033 1232 1113 1268 quse
1140 1231 1212 1255 non
1244 1221 1423 1263 tentastis,
1451 1224 1490 1255 ut
1515 1221 1613 1255 illum

530 1280 577 1316 In
607 1283 744 1314 rectum
773 1278 967 1313 traheretis
995 1279 1088 1313 iter?
1114 1288 1197 1324 quse
1224 1288 1296 1312 non
1322 1275 1398 1322 fuit
1426 1277 1551 1323 inqens

529 1335 688 1373 Conditio
712 1336 809 1382 yenti
832 1344 904 1380 per
931 1344 991 1370 vos
1021 1334 1138 1369 oblata
1169 1333 1363 1379 superbae?

531 1392 688 1429 Subdola
717 1402 826 1438 quam
855 1392 958 1437 lonyo
990 1399 1184 1437 suspensos
1212 1394 1371 1435 tempore
1400 1388 1517 1424 verbis

530 1449 711 1495 Ambiquis
740 1448 852 1483 tenuit
878 1458 954 1489 vos,
987 1451 1019 1482 et
1048 1457 1155 1493 quam
1185 1456 1284 1492 scepe
1311 1450 1465 1492 paratos

461 1515 511 1540 300
530 1505 598 1541 Est
621 1504 808 1552 frustrata
839 1504 944 1546 dolis,
977 1503 1103 1550 quibus
1132 1502 1308 1538 hactenus
1344 1503 1404 1537 illa
1435 1505 1600 1536 moratur

539 1562 704 1598 Vestrum
732 1562 799 1595 iter
828 1561 878 1595 ad
904 1560 996 1595 tanti
1021 1559 1199 1605 capienda
1230 1560 1383 1605 insignia
1412 1559 1540 1604 reyni?

529 1619 589 1654 En
618 1617 745 1661 modo,
776 1627 814 1652 se
842 1626 881 1652 se
909 1617 1019 1663 offert
1047 1616 1131 1651 dum
1158 1621 1272 1651 vestro
1303 1617 1338 1650 in
1365 1614 1510 1661 soedera
1540 1617 1634 1662 reqi,

528 1675 576 1711 In
597 1675 809 1720 Latiumque
837 1683 958 1719 sagax
981 1674 1122 1715 invitat,
1153 1675 1188 1706 et
1212 1673 1323 1707 allicit
1347 1672 1445 1707 omni

529 1731 699 1778 In9eni0,
731 1741 816 1765 num
842 1741 929 1764 moa:
959 1729 1108 1771 deludit,
1141 1733 1175 1763 et
1198 1728 1345 1763 additur
1374 1727 1467 1763 lzosti

462 1799 511 1824 305
531 1788 700 1834 Perfida,
733 1790 766 1821 et
793 1787 932 1821 iniustis
951 1784 1146 1822 venientem
1175 1784 1357 1820 submovet
1385 1784 1500 1819 armis

531 1845 578 1879 Et
606 1846 699 1879 vetat
723 1841 832 1878 Italia
862 1842 1068 1877 Romanum
1097 1842 1261 1876 insistere
1285 1843 1433 1887 regem?

533 1901 622 1943 Quin
650 1900 780 1945 mayis,
812 1911 831 1934 o
854 1898 1004 1945 facinus
1031 1897 1211 1944 (probibet
1237 1897 1338 1932 dolor
1368 1895 1487 1942 edere)
1511 1897 1702 1932 acerbum!

529 1957 661 2003 Effera
696 1955 886 1991 Teutonico
915 1965 953 1990 se
981 1955 1156 2000 sanquine
1179 1954 1320 2000 proluit
1343 1954 1433 1996 alto,

531 2014 810 2059 Eaesaturalque
839 2012 931 2046 sitim
960 2012 1044 2057 iuya
1069 2020 1138 2055 per
1163 2009 1372 2046 Cadubrz'na
1401 2020 1534 2046 cruore

461 2081 511 2105 310
531 2071 735 2106 Ccesorum:
765 2073 797 2104 et
823 2072 943 2103 tantus
970 2066 1168 2102 remanebit
1189 2068 1338 2113 sanquis
1363 2067 1523 2102 inultus?

527 2126 630 2161 Adde
660 2129 706 2160 tot
734 2127 903 2161 incensas
933 2134 1040 2159 arces
1067 2123 1280 2170 direptaque
1307 2127 1437 2158 vestra>

531 2181 674 2229 oppida
705 2183 748 2217 ab
778 2181 927 2216 immani
954 2181 1094 2216 ditionis
1123 2179 1247 2224 milite,
1279 2183 1378 2216 tanta

531 2238 677 2275 Saevitia
704 2242 810 2285 atque
840 2237 920 2273 odio
953 2237 1076 2272 Turca
1105 2246 1172 2271 neo
1200 2236 1245 2271 ab
1275 2236 1376 2271 hoste
1400 2235 1566 2281 ferendo.

529 2294 624 2338 Quid
651 2293 816 2340 referam
845 2294 1021 2340 (narrare
1045 2291 1170 2339 pudet)
1201 2293 1419 2328 Germanica
1448 2297 1580 2338 quanto

462 2362 512 2387 315
533 2351 668 2387 Derisu
693 2351 813 2398 fuerit
835 2351 971 2396 populo
993 2359 1082 2396 qens
1111 2350 1232 2384 inclita
1256 2349 1332 2391 vili,

530 2406 618 2450 Quce
647 2418 772 2451 voces,
802 2408 882 2453 quis
904 2407 1061 2452 plausus
1090 2409 1188 2448 erat,
1216 2416 1297 2451 quce
1325 2404 1427 2439 sibila
1456 2406 1568 2453 vulyi,

530 2463 571 2499 Si
593 2463 694 2510 foret
718 2468 886 2510 aspectus
909 2464 988 2509 quis
1015 2466 1100 2497 tunc
1126 2462 1327 2496 Alamanus
1354 2460 1399 2495 ab
1426 2462 1505 2506 illo,

529 2519 616 2556 Cum
640 2520 715 2567 fuit
737 2521 871 2555 insana
899 2522 1088 2565 susceptus
1116 2517 1161 2552 ab
1188 2518 1276 2553 urbe
1303 2518 1478 2564 triumphi

352 2641 394 2662 ²⁷⁹
421 2641 578 2674 sibillino
603 2643 634 2673 1.
728 2640 771 2661 252
802 2639 947 2682 Nursia]
981 2641 1015 2671 in
1040 2639 1185 2672 Sabinis.
1206 2640 1228 2670 i.
1250 2650 1279 2670 e.
1298 2640 1468 2680 pontificis
1499 2651 1588 2673 max.
1608 2643 1791 2676 exereitus.
1882 2642 1967 2675 Adr.

263 2697 374 2739 leoni]
406 2699 555 2731 Venetis.
634 2696 677 2717 253
702 2698 740 2728 in
766 2698 886 2739 ancip.
904 2695 966 2739 m.]
994 2697 1015 2728 i.
1033 2706 1062 2727 e.
1083 2698 1115 2727 in
1137 2706 1250 2737 pugna
1274 2697 1321 2727 ad
1336 2696 1489 2728 Abduam
1514 2699 1605 2739 apud
1620 2697 1822 2739 Agnadello
1847 2698 1896 2730 cf.
1921 2699 1968 2731 ad

262 2765 296 2786 v.
315 2753 392 2787 331.
464 2755 702 2786 Mediolanum.
779 2753 822 2773 235
848 2753 1019 2786 Cefisset‘?
1037 2755 1068 2784 1.
1147 2752 1191 2772 237
1214 2752 1342 2783 Friaul.
1412 2752 1456 2772 232
1480 2753 1670 2786 Isarnz'sclze
1695 2755 1820 2796 Alpen.
1891 2765 1967 2787 are.

264 2809 429 2852 Liburni]
453 2811 544 2853 Capo
570 2809 740 2843 d'Istria?
765 2822 808 2842 an
824 2811 954 2847 Fiume,
973 2821 1016 2841 an
1032 2810 1141 2841 Pola?
1210 2808 1254 2828 290
1278 2808 1417 2852 Pictus]
1443 2810 1647 2842 Pitilianus?
1722 2809 1766 2830 ³⁰²
1790 2810 1918 2843 federa
1935 2813 1967 2842 1.

262 2865 306 2886 ³⁰⁶
331 2867 596 2899 Maximilianum
613 2879 683 2899 cum
699 2868 853 2899 eaeercitu
869 2867 1017 2898 transire
1033 2876 1096 2907 per
1119 2866 1318 2897 Venetorum
1334 2867 1539 2898 territorium
1555 2866 1589 2898 bi
1603 2867 1769 2898 vetabant.
1799 2867 1848 2907 Of.
1866 2867 1966 2899 Hutt.

264 2922 398 2955 exhort.
418 2924 488 2954 init.
541 2923 585 2943 ³⁰⁹
605 2924 808 2956 Cadoriselze
826 2924 948 2965 Alpen.
995 2921 1037 2942 ³13
1056 2922 1196 2953 Seuitia
1210 2924 1242 2953 1.
1296 2921 1339 2941 3¹⁷
1357 2921 1449 2965 quis]
1473 2923 1558 2964 quia
1574 2923 1673 2955 habet
1691 2925 1721 2954 1.
1776 2921 1819 2942 ³¹5
1841 2923 1968 2954 Trium—

264 2977 347 3019 phus
371 2979 514 3011 Alvz‘ano
536 2984 616 3022 post
641 2981 801 3012 devictum
825 2979 1037 3021 imperatorii
1065 2979 1236 3010 eoeereitus
1268 2980 1382 3011 ducem
1406 2979 1540 3010 Sioetum
1569 2979 1600 3010 T
1598 2983 1788 3011 rautsonem
1811 2980 1968 3011 decretus

265 3038 298 3065 et
321 3036 418 3066 multo
439 3035 673 3068 Germanorum
697 3037 840 3069 ludibrio
865 3048 906 3069 m.
925 3037 1023 3069 Iunio
1050 3046 1080 3067 a.
1102 3037 1200 3068 1508.
1220 3040 1312 3068 actus
1330 3036 1598 3068 Maaeimilianum
1620 3037 1701 3067 mire
1726 3035 1880 3077 offendit.
1908 3034 1965 3067 Cf.

267 3090 472 3122 Guiceiard.
490 3092 588 3123 vm.
608 3103 640 3133 p.
660 3092 736 3124 ⁴212.
1846 3085 1861 3091 “
