2081 3517
320 233 515 256 SABELLICI
533 235 657 256 RERVM
676 235 895 257 VENETARVM
915 235 1167 258 PANEGYRICVS
1186 237 1211 258 1.
1231 237 1526 260 GENETHLIACON.
1679 220 1771 264 309

340 338 421 372 Non
451 338 632 374 Senonum
654 340 778 384 placet
806 351 870 387 ora
899 340 1032 385 ferox,
1060 351 1131 376 non
1154 343 1349 385 proximus
1373 343 1422 376 illi

337 393 512 440 Multifido
541 397 604 441 qui
631 405 670 430 se
699 396 855 430 traducit
882 397 918 430 in
946 407 1093 442 (equora
1121 398 1228 442 lapsu

337 450 569 493 Heridanus,
600 461 666 486 nee
692 463 772 497 qua’
795 452 926 497 pelaqo
956 452 1051 487 dedit
1079 453 1195 487 Adria
1220 464 1366 498 nomen,

338 507 472 541 Alludz't
499 508 564 541 sed
589 508 672 542 lceta
703 509 809 542 locis:
837 510 970 542 sentire
988 513 1159 553 putasses

269 575 319 599 κιο
338 561 419 596 Iam
445 562 562 608 fatale
589 564 702 598 solum
729 567 919 610 terrasque
942 569 1065 599 astare
1090 570 1276 611 repostas.-

337 617 373 653 It
393 620 525 663 procul
547 629 592 653 ae
621 620 758 654 celeres
782 629 912 654 cursus
941 620 1078 655 librare
1096 632 1166 666 per
1191 633 1304 657 (iteras

337 673 471 719 Incipit
499 678 534 709 et
559 676 637 710 laeto
666 685 744 710 sese
770 675 953 710 demittere
979 677 1124 721 plausu.

338 730 534 777 Sparqitur
561 732 720 765 Adi-iaco
745 733 886 776 passim
916 743 987 767 non
1014 744 1086 767 una
1111 744 1256 769 recessu

335 786 483 829 Insula,
514 798 585 833 qua
615 787 742 822 Dorim
769 787 931 833 infusam
962 789 1101 834 lateque
1130 795 1316 836 vaqantem

267 854 317 879 315
338 844 451 878 Littus
478 843 524 877 ab
551 845 678 878 insano
697 844 812 889 fluctu
844 843 1005 890 defendit
1033 849 1065 878 et
1090 850 1235 881 (ceastre.-

333 899 434 941 Huc,
462 900 567 934 simul
595 901 727 935 iratum
745 902 941 946 prcesensit
968 900 1087 935 Nerea
1121 902 1272 949 Tethys,

334 955 513 990 Natarum
538 957 705 991 comitata
730 968 841 991 manu
869 966 909 991 se
928 959 1089 1002 proripit
1117 959 1187 993 alto

335 1012 543 1058 Glaucaque
570 1012 705 1058 furtivo
735 1014 970 1058 complectens
993 1014 1147 1059 flumina
1176 1025 1275 1049 nexu

331 1068 540 1113 Aequoreas
569 1069 688 1104 undas
718 1070 824 1104 undis
848 1070 1053 1115 fluvialibus
1076 1071 1170 1105 ultro

265 1136 314 1160 320
335 1124 465 1159 Miscet
494 1130 526 1159 et
555 1126 671 1171 ignoto
698 1127 855 1171 {seminat
884 1136 974 1160 nova
999 1127 1156 1172 pn'fflzora
1185 1127 1298 1172 furto.

331 1181 400 1215 His
428 1181 625 1227 fortunatis
654 1182 777 1216 nullus
806 1186 890 1216 tzuzc
918 1183 1032 1217 incola
1064 1184 1189 1225 terris,

330 1238 401 1272 Aut
429 1238 462 1271 si
484 1236 590 1283 fama
621 1242 717 1272 vetus
747 1247 833 1272 vera
863 1242 932 1281 est,
960 1248 1146 1283 perrarus
1173 1239 1319 1285 ayetiat:

332 1293 492 1328 Lascivis
521 1294 586 1329 secl
618 1304 753 1340 sparsa
783 1283 904 1329 choris
925 1304 998 1340 per
1028 1295 1141 1329 densa
1170 1298 1300 1340 vasjai-i

330 1350 482 1395 Aqmina
514 1350 786 1396 Nynzpharmn,
819 1351 983 1396 lentaque
1011 1351 1074 1384 sub
1105 1351 1249 1386 arboris
1278 1352 1404 1386 umbra

261 1416 310 1441 :325
331 1406 503 1441 Naidibus
531 1408 655 1441 misctce
681 1406 852 1441 Nereides
882 1408 954 1441 alta
981 1406 1107 1452 fovere

333 1462 437 1505 Ocia,
469 1466 503 1497 et
528 1464 647 1508 aprici
674 1464 861 1497 vernantia
891 1463 1009 1497 littora
1038 1464 1176 1497 circum

329 1518 516 1565 Sparqere
541 1519 712 1565 fatidicos
740 1523 870 1553 cantus
893 1519 943 1553 ad
966 1519 1103 1564 sydera
1133 1521 1255 1565 cyqni:

330 1574 488 1610 Substitit
516 1579 549 1609 et
574 1579 724 1610 mentem
757 1574 897 1610 Oebalio
924 1575 1079 1610 demulta
1109 1585 1245 1610 canore

336 1631 478 1677 Terque
508 1635 706 1678 quaterque
733 1641 842 1677 vaqos
870 1633 1028 1677 repetitis
1051 1632 1243 1677 plausibus
1271 1633 1375 1667 orbes

260 1699 310 1724 330
330 1688 508 1733 Explicat
539 1693 572 1723 et
600 1688 685 1723 coelo
710 1689 840 1722 sensim
870 1688 1024 1722 demissa
1053 1697 1182 1723 sereno

327 1745 420 1779 Fata
446 1748 567 1779 secuta
594 1745 700 1779 deum
727 1744 903 1790 foelicibus
932 1744 1076 1779 incubat
1100 1747 1185 1780 oris.

327 1800 388 1835 Sic
418 1800 476 1835 ubi
502 1802 539 1836 in
569 1811 630 1836 eoo
660 1802 850 1846 reparavit
876 1801 1013 1835 &ceula
1041 1801 1160 1844 busto,

329 1857 446 1892 Sensit
473 1861 505 1892 et
534 1858 647 1893 invisa
677 1867 716 1892 se
744 1861 890 1891 exutum
920 1858 1079 1892 membra
1105 1862 1268 1901 senecta,

328 1914 448 1948 Lcetus
475 1914 525 1948 ad
551 1913 744 1959 Aethiopas
771 1917 910 1948 remeat
937 1918 1126 1960 terrasque
1152 1915 1274 1949 beatas

258 1980 307 2005 335
328 1971 515 2016 Aspiciens
541 1971 619 2005 lceto
645 1970 798 2015 phoenia*
827 1972 998 2016 clanqore
1025 1971 1175 2005 salutat.-

330 2026 418 2061 Tum
448 2036 531 2061 vero
555 2028 712 2061 insontes
737 2028 883 2072 populi,
914 2037 1003 2073 quos
1026 2028 1187 2073 pallidus
1217 2029 1302 2061 auri

328 2083 387 2117 Nil
413 2086 525 2118 movet
553 2087 739 2129 aspectus,
771 2084 848 2118 visa
870 2084 1009 2129 procul
1036 2084 1118 2118 alite
1145 2088 1301 2118 currunt

326 2140 584 2185 Allapsamque
609 2140 693 2185 polo
720 2140 906 2185 eaecipiunt
932 2141 1089 2185 votisque
1117 2144 1273 2185 recepta'

326 2195 426 2230 Mille
455 2200 580 2241 optant
606 2206 721 2231 annos
751 2196 971 2241 melioraque
1000 2200 1162 2241 tempora
1193 2197 1283 2231 vilan

258 2263 307 2288 340
332 2252 420 2287 Tam
438 2253 586 2298 placido
613 2253 777 2287 Fortuna
802 2253 923 2298 qradu
944 2262 1166 2299 prcepesque
1195 2253 1311 2288 volatu

326 2309 444 2355 Affuit
475 2313 507 2344 et
535 2319 709 2355 superum
738 2309 827 2355 fatis
852 2309 996 2354 allapsa
1016 2319 1090 2355 per
1118 2319 1233 2343 cau‘as

327 2365 454 2400 Desilit
480 2366 678 2408 (ethereas,
711 2365 809 2400 la‘tos
836 2366 970 2400 sentire
993 2370 1167 2411 putasses

326 2422 506 2457 Accessus
533 2426 601 2457 toto
623 2422 841 2468 plaudentes
871 2432 1016 2468 cequore
1040 2421 1232 2467 Nymphas

327 2478 628 2525 Prostratuntque
656 2478 791 2525 fretum
821 2479 982 2524 ripisque
1010 2479 1148 2524 inflexa
1178 2479 1324 2525 canoris

258 2546 307 2571 345
328 2535 495 2570 Flumina
524 2539 560 2570 et
582 2535 662 2570 luec
684 2536 820 2570 circum.
852 2535 1051 2570 meditantis
1066 2545 1225 2572 aarmen
1257 2535 1384 2570 olores.

324 2591 395 2626 Illa
424 2595 541 2626 (actem
570 2592 655 2626 coeto
686 2591 823 2626 libratis
851 2592 1003 2627 molliter
1034 2592 1103 2626 alis

327 2647 479 2682 Labitur
509 2652 541 2682 ct
572 2647 716 2682 stabiles
746 2648 877 2683 dextro
906 2648 973 2683 sibi
999 2649 1144 2683 numine
1172 2651 1293 2681 terras

327 2704 458 2750 Deliqz’t
485 2708 592 2750 atque
621 2714 723 2753 omen
751 2714 871 2739 secum
901 2705 978 2750 sert
1007 2705 1089 2740 la’ta
1115 2703 1237 2749 fleturi

328 2759 498 2806 Imperii,
525 2762 586 2796 cui
613 2764 713 2795 terra
740 2762 821 2796 olim
853 2762 1007 2796 serviret
1034 2765 1066 2795 et
1095 2770 1230 2805 (equor.

149 2891 191 2911 3⁰⁶
217 2892 315 2924 Inter
340 2893 513 2924 Anconam
539 2893 803 2935 Ravennamque.
875 2892 917 2913 3⁰5
943 2893 1003 2924 Po.
1075 2891 1119 2915 ³¹0
1143 2893 1305 2932 repostfls
1331 2895 1361 2924 1.
1388 2893 1443 2924 Cf.
1469 2895 1571 2935 Vera.
1589 2895 1678 2928 Aen.
1697 2897 1764 2928 111.

61 2947 137 2980 364.
230 2947 275 2968 3¹4
299 2948 412 2980 dorim
438 2951 468 2980 1.
495 2950 516 2981 ἱ.
535 2959 563 2980 e.
583 2950 722 2980 Durium
746 2960 773 2981 s.
799 2950 937 2981 Dorium
967 2951 1141 2988 maiorem,
1173 2949 1269 2978 Dora
1299 2949 1420 2981 baltea.
1512 2949 1555 2969 ³¹⁶
1587 2952 1706 2992 tethys
1734 2956 1763 2984 Ι.

63 3004 153 3035 Caeli
171 3004 399 3047 Tellurisque
417 3005 502 3042 filia,
531 3005 673 3037 Oceani
690 3016 786 3037 uxor.
806 3006 852 3036 of.
874 3006 978 3037 Ovid.
999 3006 1082 3038 fast.
1100 3008 1142 3039 V.
1161 3006 1214 3038 81.
1235 3016 1310 3046 sqq.
1402 3004 1446 3025 3²0
1474 3007 1682 3048 Lagyunarum
1708 3011 1763 3041 de—

63 3061 217 3101 scriptio.
288 3060 331 3081 ³²⁵³
357 3062 504 3094 §nstitit
532 3065 560 3093 1.
640 3062 792 3093 Oebalius
817 3063 838 3093 i.
858 3073 886 3093 e.
906 3062 1117 3104 Spartanus.
1145 3063 1326 3095 adluditur
1351 3062 1395 3093 ad
1422 3073 1574 3104 cygnum
1600 3065 1660 3105 qui
1686 3076 1764 3097 oum

66 3115 249 3158 Spartana
273 3117 376 3149 Leda
399 3129 473 3151 rem
499 3118 637 3150 habuit.
709 3116 825 3144 332.sqq.
853 3118 902 3158 Cf.
922 3122 953 3150 in
978 3120 1095 3160 primis
1118 3121 1204 3152 Ptin.
1224 3120 1270 3151 H.
1288 3120 1330 3151 N.
1349 3120 1390 3150 X.
1409 3120 1477 3160 2‚2.
1496 3132 1526 3153 e.
1544 3122 1690 3163 interpp.
