2081 3517
191 497 266 528 §.21

192 1028 215 1059 ᾗ,
225 1030 267 1057 28.

188 1590 263 1621 §.2st

185 2151 260 2182 §.30.

183 2600 260 2631 §.31.

284 203 377 248 176
405 222 559 243 HELIANI
578 223 623 243 DE
643 222 760 243 BELLO
780 222 877 243 SVSC.
893 212 975 242 A'Dv.
992 220 1121 241 VENET.
1137 219 1181 240 ET
1201 219 1339 240 TVRCAS
1359 218 1495 240 ORATIO
1514 219 1687 241 MAXIMIL.
1702 219 1785 241 AVG.
1801 220 1924 241 DICTA,

275 327 429 372 picturis
457 331 562 372 atque
599 324 890 362 inhonestissimis
927 321 1104 356 comcectiis
1139 330 1184 354 ac
1217 322 1432 366 spectaculis
1468 323 1795 367 iqnominiosissime
1829 322 1971 369 refere-

278 383 369 417 batis
408 393 488 417 cum
525 382 621 416 titulo
655 385 687 416 et
725 389 838 414 causa
876 378 946 412 ‘hic
985 382 1036 411 est
1064 376 1341 412 Mascimilianus
1378 378 1559 424 Auqustus
1593 377 1803 424 Imperator
1836 379 1970 414 Roma-

279 437 436 473 norum'.

278 489 512 545 ffissgiiosssssnfwl
638 491 716 526 Viri
744 500 814 524 non
841 490 933 531 estis,
962 500 980 523 o
1004 488 1186 531 Germani,
1214 489 1381 524 Caesareo
1409 488 1527 524 animo
1556 493 1671 524 vestro
1699 490 1798 524 solito
1818 490 1972 535 amplius

278 561 350 585 non
369 551 471 593 estis,
504 548 640 590 Ccesar,
671 548 704 581 si
727 546 872 590 potestis
902 546 1059 579 tolerare
1084 545 1151 579 has
1183 554 1342 590 rapaces
1370 544 1558 590 harpyias,
1589 545 1658 580 has
1681 547 2001 580 venenosissimasfi·

277 605 440 651 aspides,
471 609 543 639 tam
574 604 694 638 varias
723 606 864 647 tamque
891 602 1098 645 versipelles
1125 602 1266 647 lynces,
1299 605 1370 635 tam
1397 602 1657 646 sanquinarias
1685 601 1861 647 tygrides,
1885 611 1972 636 san-

278 662 441 696 ctissima:
471 659 724 705 Iinperatorice
749 656 946 691 Maiestatis
974 661 1101 691 vestroe
1133 658 1443 700 calumniatrices,
1482 658 1616 692 nomini
1646 657 1825 692 Germano
1854 657 1973 703 infen-

277 718 437 752 sissimus
465 716 623 761 amplius
652 714 853 748 dominari!
907 712 1000 747 Hcec
1034 713 1078 747 de
1107 723 1229 748 eorum
1259 713 1452 759 tyrannide
1482 714 1553 747 sint
1582 714 1699 748 dicta:
1736 718 1902 759 superest
1939 718 1976 748 ut

278 774 322 807 (16
350 773 405 807 his
434 784 516 818 quce
545 775 670 805 contra
703 769 942 811 Christianos,
971 762 1108 804 contra
1129 770 1332 815 reliqionem
1363 780 1408 804 ac
1435 770 1539 804 deum
1567 770 1683 816 ipsum
1712 770 1974 812 commiserunt,

271 839 395 875 pauca
418 828 656 863 subiiciamus.
1988 829 2020 854 10

500 926 558 963 De
586 925 647 962 his
676 935 763 972 quoe
789 923 974 970 fecerunt
1000 927 1138 961 contra
1170 922 1420 960 Christianos.
1481 923 1582 960 Pars
1609 924 1746 961 tercia.

395 1017 532 1060 Quodsi
562 1016 628 1050 hoc
658 1020 729 1049 tam
767 1015 904 1049 insolito
941 1014 1037 1048 vobis
1066 1017 1210 1059 tamque
1239 1015 1406 1049 inusitato
1434 1023 1567 1060 qenere
1596 1014 1738 1049 dicendi
1761 1019 1878 1050 vestra
1907 1014 1973 1049 hu-

280 1075 450 1108 manitate
478 1073 608 1107 diutius
639 1071 784 1113 abutor,
820 1074 967 1116 sperate
998 1080 1057 1104 vos
1096 1082 1118 1104 a
1154 1070 1218 1104 deo
1252 1081 1322 1104 non
1363 1071 1505 1105 minora
1539 1071 1696 1115 proemia
1721 1075 1975 1106 consecuturos

278 1141 386 1176 quam
413 1130 445 1163 si
471 1128 660 1163 sacerdote
684 1128 857 1162 recitante
885 1126 1118 1172 annqelium
1147 1127 1436 1161 sacratissimum
1461 1127 1648 1161 audiretis.
1714 1127 1867 1170 Utinam,
1899 1126 1972 1161 Ro-

279 1195 383 1219 mane
412 1184 636 1230 Imperator,
665 1188 697 1218 et
723 1193 800 1225 2208,
833 1184 895 1229 qui
916 1183 1068 1224 adestis,
1109 1184 1243 1217 utinam
1284 1182 1472 1217 Venetiani
1499 1186 1563 1217 aut
1585 1184 1663 1219 veri
1690 1182 1886 1218 Christiani
1913 1187 2017 1217 aut¹5

277 1243 355 1276 veri
387 1241 516 1276 Turcce
541 1241 717 1287 fuissent!
746 1250 831 1273 nam
859 1241 892 1273 si
919 1240 997 1274 veri
1025 1238 1220 1273 Christiani
1246 1239 1420 1284 fuissent,
1460 1243 1495 1273 et
1520 1238 1791 1284 lherosolymas
1820 1243 1853 1274 et
1881 1238 1971 1274 Con-

276 1298 536 1342 stantinopolim
562 1301 596 1331 et
622 1300 728 1330 totum
762 1295 957 1337 Orientem,
989 1300 1027 1329 ut
1055 1295 1235 1340 quondam
1264 1295 1459 1330 Christiani
1468 1323 1476 1337 ,
1501 1295 1749 1340 possiderent,
1775 1306 1880 1342 quom
1910 1306 1971 1329 va-

277 1354 356 1388 lidis
384 1353 578 1395 classibus,
617 1352 742 1398 quibus
778 1352 978 1397 plurimum
1002 1352 1157 1396 pollent,
1193 1351 1243 1384 act
1279 1351 1541 1397 defensionem,
1579 1361 1650 1385 non
1679 1351 1728 1385 ad
1756 1353 1972 1386 eversionem

278 1409 562 1445 Christianorum
592 1410 642 1443 uti
668 1409 878 1446 voluissent;
906 1411 938 1442 et
967 1408 1000 1441 si
1026 1408 1103 1441 veri
1133 1407 1262 1442 Turcce
1289 1407 1461 1453 fuissent,
1496 1418 1677 1452 nunquam
1706 1409 1814 1452 passi
1838 1407 1971 1453 fuisse—

276 1475 356 1500 mus
382 1469 453 1500 tam
479 1465 595 1499 malas
623 1464 755 1499 herbas
783 1465 880 1498 omni
900 1464 1039 1497 aconito
1063 1464 1325 1509 pestilentiores
1353 1465 1388 1498 in
1408 1465 1539 1498 nostris
1556 1463 1818 1508 penetralibus,
1845 1464 1882 1497 in
1907 1474 1968 1498 no·
1986 1469 2018 1493 20

277 1523 364 1556 stris
391 1521 586 1556 visceribus
616 1531 660 1555 ac
689 1521 858 1555 intestinis
887 1524 957 1553 tam
988 1520 1059 1553 alte
1088 1520 1233 1554 radices
1267 1530 1423 1564 [ωηεν-6,·
1457 1521 1543 1565 quin
1574 1529 1633 1554 eos
1660 1518 1828 1564 funditus
1856 1521 1969 1554 extir-

276 1583 383 1623 patos
408 1577 508 1624 facto
529 1578 668 1623 aqmine
697 1577 793 1611 ultra
816 1580 948 1622 portas
973 1575 1177 1610 Caucaseos
1205 1577 1470 1610 reiecissemus:
1503 1586 1598 1609 nunc
1629 1581 1744 1610 autem
1767 1586 1871 1621 quom
1890 1577 1977 1610 mali

274 1628 615 1684 ,ff'e‘s'gessg'ng'hffll'faffff'0oe‘l
658 1633 689 1668 T
690 1643 807 1675 urcce,
832 1633 979 1677 peiores
1010 1631 1204 1666 Christiani
1228 1633 1316 1674 sint,
1354 1632 1455 1666 modo
1482 1642 1563 1665 eum.
1595 1631 1763 1667 ambobus
1793 1631 1882 1666 bella
1910 1641 1970 1678 qe—

275 1693 378 1732 ranl,
414 1691 516 1725 modo
553 1700 633 1724 cum
664 1694 813 1734 utroque
842 1689 1042 1723 societatem
1071 1689 1255 1730 simulent,
1293 1699 1389 1723 nunc
1415 1688 1546 1722 harum
1576 1698 1672 1722 nunc
1705 1688 1849 1722 illarum
1874 1699 1970 1733 par—

274 1747 379 1788 tium,
417 1747 549 1781 nemini
573 1746 640 1791 fidi
665 1747 757 1787 sint,
794 1746 997 1790 reliqionem
1029 1744 1267 1779 Christianam
1296 1745 1345 1778 ad
1363 1754 1505 1789 parvas
1534 1744 1696 1789 Europce
1725 1745 1911 1790 anqustias
1939 1748 1972 1779 et
1984 1750 2016 1774 25

279 1811 422 1840 reneuqm.
445 1799 447 1851 j
473 1812 569 1848 pene
594 1802 824 1843 destructam,
856 1811 1023 1835 mancam
1053 1811 1097 1834 ac
1128 1800 1273 1834 debilem
1304 1801 1566 1842 concluserunt,
1591 1801 1662 1845 ipsi
1682 1804 1766 1834 sunt
1788 1804 1970 1846 tamquam

277 1869 386 1894 unum
416 1859 628 1904 repaqulum
656 1862 689 1891 et
714 1858 1029 1903 propugnaculum
1059 1857 1300 1899 antemurale,
1331 1856 1427 1902 quod
1447 1857 1517 1890 nisi
1531 1855 1762 1901 perfractum
1781 1857 1836 1899 sit,
1868 1868 1969 1892 num-

273 1925 381 1959 quam
410 1915 468 1949 hce
496 1915 580 1949 duae
610 1914 836 1948 diversarum
864 1915 978 1959 lequm
1009 1917 1041 1947 et
1065 1914 1344 1958 repuqnantium
1372 1913 1581 1958 religionum
1609 1917 1730 1957 qentes
1755 1912 1969 1947 Christianoe

273 1975 378 2017 atque
411 1970 544 2005 Tarcoe
573 1971 665 2004 inter
694 1979 733 2004 se
758 1979 979 2004 concurrere
1008 1979 1053 2003 ac
1081 1979 1211 2003 manus
1247 1978 1438 2004 conserere
1471 1972 1655 2014 poterunt,
1693 1969 1758 2002 sed
1788 1968 1867 2003 hinc
1902 1969 1967 2005 Ve-

273 2029 362 2069 neti,
401 2027 497 2061 illinc
524 2026 555 2060 T
553 2036 654 2061 arete
682 2026 831 2072 sinqulis
860 2027 966 2060 annis
996 2025 1133 2071 aliquid
1162 2025 1204 2059 de
1238 2025 1370 2070 finibus
1396 2024 1680 2060 Christianorum
1717 2026 1810 2059 sieut
1832 2025 1966 2070 fluvius
1981 2031 2013 2057 30

275 2082 318 2117 de
361 2084 451 2129 ripis
487 2082 683 2124 abradent,
727 2084 990 2127 perstrtnqent,
1037 2081 1288 2126 amputabant,
1336 2081 1448 2115 donec
1481 2081 1580 2127 sacto
1625 2081 1756 2127 impetu
1797 2083 1967 2116 universa

277 2139 511 2185 confundent.
571 2140 642 2184 ipsi
674 2143 759 2173 sunt
788 2139 902 2173 tercia
939 2142 1054 2180 secta,
1092 2139 1164 2172 sioe
1200 2137 1370 2172 Marrani
1403 2138 1474 2171 sint
1506 2138 1579 2172 sive
1613 2137 1665 2171 illi
1695 2137 1791 2171 dubii
1824 2147 1869 2171 ac
1899 2148 1965 2172 an-

270 2196 394 2240 cipites
432 2195 552 2241 angeli
586 2196 680 2229 inter
716 2195 825 2229 bonos
865 2199 896 2228 et
930 2195 1042 2228 malos
1077 2195 1140 2240 qui
1173 2203 1287 2239 neque
1328 2193 1456 2227 coelum
1501 2202 1614 2238 neque
1656 2192 1795 2238 inferos
1838 2198 1966 2236 tenent,

271 2260 393 2283 Lemures.
415 2245 421 2301 Ι
453 2251 519 2286 sed
544 2255 629 2285 sunt
655 2251 810 2285 lemures
839 2254 872 2284 et
899 2251 986 2284 mali
1009 2251 1115 2295 qemi,
1148 2251 1210 2295 qui
1234 2249 1419 2284 nocturnis
1448 2248 1710 2283 incursionibus
1733 2249 1855 2283 domos
1873 2259 1964 2295 per-

272 2310 468 2349 cursitant,
505 2311 538 2341 et
573 2307 712 2342 diurnis
746 2306 986 2352 qrandinibus
1015 2316 1060 2340 ac
1087 2305 1347 2351 tempestatibus
1377 2314 1480 2338 mare
1505 2304 1752 2350 navigantibus
1781 2309 1814 2339 et
1843 2310 1963 2340 terras
1975 2311 2008 2336 35

271 2365 411 2400 miseris
445 2363 653 2398 aratoribus
682 2361 834 2408 infestas
863 2363 1037 2404 reddunt,
1071 2366 1104 2396 et
1130 2363 1284 2408 inqressi
1307 2371 1465 2406 corpora
1494 2360 1654 2395 humana
1687 2364 1869 2406 torquent,
1905 2363 1967 2407 qui

272 2424 307 2457 in
336 2429 421 2455 aere
445 2420 613 2466 suspensi
634 2419 727 2454 malo
749 2419 937 2464 proposito
965 2422 1240 2453 remanserunt:
1269 2428 1354 2452 nam
1381 2417 1550 2463 quicquid
1574 2416 1715 2460 habent,
1745 2417 1871 2452 alienis
1899 2428 1963 2452 ca-

271 2476 485 2513 lamitatibus
511 2476 633 2522 adepti
653 2479 753 2517 sunt,
791 2479 824 2509 et
850 2475 1020 2515 credunt,
1058 2479 1089 2508 et
1117 2484 1203 2509 vera
1233 2474 1388 2508 credunt
1397 2501 1404 2515 ,
1443 2473 1538 2519 quod
1566 2473 1762 2509 Christiani
1790 2474 1964 2509 adversus

276 2534 415 2569 Tureas
441 2533 683 2578 proqressuri
698 2541 774 2577 per
803 2541 924 2565 eorum
949 2531 1158 2576 provincias
1185 2531 1252 2564 iter
1278 2530 1419 2576 facturi
1449 2529 1620 2576 fuissent,
1660 2533 1692 2564 et
1722 2531 1963 2576 unusquisque

276 2601 379 2625 suum
406 2593 569 2634 repetere
594 2589 714 2622 mallet
734 2589 845 2633 prius
869 2598 975 2633 quam
997 2587 1115 2621 aliena
1141 2586 1341 2621 destruere.-
1371 2586 1466 2631 quod
1488 2590 1604 2620 autem
1633 2595 1717 2620 vero
1744 2586 1840 2629 dico,
1871 2597 1957 2631 quo-
1973 2593 2005 2618 40

271 2640 420 2695 eructata-1
467 2646 528 2679 ties
565 2645 748 2687 cruciata,
786 2644 824 2678 id
858 2648 910 2682 est
946 2644 1145 2678 coniuratio
1176 2653 1220 2677 ac
1260 2643 1390 2677 devotio
1423 2641 1707 2677 Christianorum
1744 2643 1779 2676 in
1819 2641 1962 2677 Turcas

270 2696 476 2751 23;,ss?g¹jf''e²³f
515 2704 682 2747 temptata
711 2705 779 2743 est,
819 2704 852 2735 et
879 2701 984 2734 tocies
1012 2711 1033 2733 a
1067 2699 1206 2735 Venetis
1233 2700 1452 2743 interrupta,
1488 2699 1676 2744 prcecipue
1701 2697 1766 2732 Pio
1791 2698 1961 2743 pontifice

269 2760 446 2800 maximo,
474 2757 546 2803 qui,
578 2769 682 2803 quom
712 2758 829 2791 omnia
852 2760 1074 2802 prceparata
1103 2759 1238 2798 essent,
1269 2755 1328 2789 ubi
1344 2756 1454 2789 sensit
1483 2756 1743 2789 sanctissimam
1764 2754 1958 2799 expeditio-

268 2824 347 2849 nem
376 2814 512 2848 artibus
551 2814 724 2849 Veneticis
750 2814 976 2854 dissolutam,
1016 2813 1070 2848 vir
1107 2813 1204 2846 acris
1240 2811 1372 2857 inqenii
1410 2821 1453 2845 ac
1488 2811 1667 2856 reliqionis
1697 2811 1961 2845 amantissimus

358 2922 371 2942 ²
396 2924 443 2955 of.
462 2923 614 2954 Hutteni
640 2923 753 2964 epigr.
774 2921 848 2954 113.
881 2922 935 2952 ‘In
964 2921 1143 2962 picturam
1174 2920 1216 2951 de
1243 2920 1412 2951 Caesare'.
1453 2920 1600 2960 „Nuper
1631 2919 1861 2960 retrograd0''
1887 2921 1957 2949 ete.

268 2977 281 2997 ⁵
307 2980 394 3011 estis
420 2978 552 3019 Caesar,
580 2979 609 3010 si
629 2981 701 3010 1.2.
771 2978 784 2997 ⁶
809 2978 924 3009 linces
943 2979 1016 3008 1.2.
1086 2975 1111 2996 ¹3
1138 2975 1372 3007 euessionfil.
1442 2974 1470 2994 ²3
1496 2985 1597 3016 quom
1623 2977 1652 3005 1.
1680 2985 1784 3015 quum
1809 2977 1841 3005 2.
1868 2974 1958 3013 (ante

270 3035 466 3074 ambobus).
538 3033 566 3054 4⁰
591 3034 703 3066 malet
721 3036 750 3066 1.
820 3033 847 3053 ⁴¹
874 3034 911 3064 id
937 3036 991 3064 est
1015 3035 1104 3064 omis.
1125 3034 1156 3064 2.
1218 3029 1245 3051 ⁴²
1270 3031 1354 3063 Pius
1379 3031 1426 3063 ΙΙ.
1445 3031 1588 3062 Aeneas
1614 3029 1769 3070 Sylvius.
1788 3029 1812 3072 †
1836 3039 1956 3061 mense

268 3092 428 3133 Augusto
455 3102 485 3122 a.
507 3089 602 3122 1464.
651 3090 706 3121 Cf.
726 3100 834 3132 supra
858 3101 890 3131 p.
911 3088 985 3121 164.
1004 3100 1037 3122 v.
1060 3088 1111 3120 16.
