2081 3517
310 216 404 261 310

554 235 744 257 SABELLICI
764 234 885 255 RERVM
903 233 1122 255 VENETARVM
1142 232 1394 253 PANEGYRICVS
1414 233 1438 253 1.
1458 232 1753 254 GENETHLIACON.

503 352 552 378 350
576 339 749 384 Tempore
777 339 847 372 iam
876 345 925 370 ea:
954 336 1011 370 illo
1037 335 1174 380 pallam
1208 336 1390 370 succincta
1419 335 1564 370 sedebat

571 396 786 439 Exeeptura
814 401 898 426 suos
924 391 1031 437 foelix
1061 392 1224 426 Fortuna
1255 392 1416 434 colonos,

574 451 667 494 Quos
694 449 752 484 ubi
780 448 929 482 deiectos
958 447 1041 482 vidit
1069 448 1139 481 iam
1169 448 1253 482 secte
1284 451 1419 481 vetusta

570 506 828 551 Infraetosque
862 503 964 537 malis
991 503 1103 538 medio
1127 503 1195 537 sibi
1217 512 1382 548 qucerere
1407 503 1519 548 fluctu

571 562 737 607 Effuqia,
772 559 941 593 arridens
969 569 1047 593 sese
1074 559 1288 594 venientibus
1315 559 1424 604 offert

503 631 550 655 355
571 618 765 661 Pronaque
790 617 826 649 in
856 615 1048 660 amplexus
1078 616 1237 660 duplices
1265 616 1372 649 simul
1396 615 1555 660 explieat
1584 616 1711 655 ulnas,-

571 672 727 716 Suscipit
752 675 784 705 et
812 671 970 717 trepidos
991 673 1111 717 perqit
1136 671 1326 716 complexa
1353 670 1499 716 fovere.-

571 729 651 763 Non
679 737 782 762 secus
810 737 853 761 ac
883 728 966 761 visis
991 727 1102 762 subito
1123 737 1196 772 per
1222 728 1375 772 compita
1406 728 1534 770 larvis,

570 784 650 818 Non
680 793 785 817 secus
815 793 860 817 ac
887 784 958 817 viso
984 793 1153 828 persona?
1182 783 1364 818 horrentis
1389 782 1488 817 hiatu

570 839 683 882 Quum
715 842 836 873 natum
865 839 1050 884 trepidare
1078 839 1170 873 videt
1197 843 1416 884 matremque
1444 848 1574 874 vocare

503 907 551 931 361³
572 895 830 940 Prceeipitante
855 899 950 929 metu
976 896 1020 940 fit
1048 896 1174 930 nutrix
1204 894 1303 929 obvia
1333 899 1366 928 et
1392 895 1488 929 illum

568 951 718 996 Excipit
744 962 788 985 ae
810 951 926 997 fotum
953 952 1087 997 qremio
1116 952 1187 985 iam
1217 962 1311 986 vana
1341 952 1465 985 timere

570 1007 715 1042 Blanda
745 1011 837 1041 vetat
862 1017 1052 1052 secumque
1081 1017 1188 1041 novos
1215 1008 1384 1041 miserata
1407 1016 1569 1051 pavores

567 1063 747 1108 Absterqit
769 1062 965 1098 lachrimas
995 1064 1254 1109 mulcentiaque
1283 1063 1405 1097 oscula
1433 1063 1521 1108 fiqit.

568 1120 614 1154 At
646 1130 717 1153 non
748 1119 907 1155 admotos
938 1124 1020 1154 tune
1047 1121 1195 1164 respicit
1221 1119 1367 1153 Hadria
1398 1119 1536 1161 vultuS,

503 1186 552 1213 365
575 1175 655 1210 Non
686 1175 835 1210 blandos
860 1177 955 1210 irata
985 1177 1108 1214 sinus;
1139 1176 1222 1221 quin
1246 1176 1372 1220 plorat
1396 1179 1428 1209 et
1456 1174 1529 1208 odit

569 1231 754 1277 Infundas
783 1236 828 1266 tot
848 1242 962 1276 passa
995 1233 1106 1266 vices:
1136 1234 1206 1265 iam
1237 1231 1381 1280 sederat
1410 1232 1480 1265 alto

571 1288 681 1332 Sepla
713 1289 809 1322 mari
837 1288 1043 1322 miseranda
1073 1297 1201 1322 manus
1228 1289 1443 1334 iuvenesque
1473 1296 1646 1332 senesque

568 1344 757 1379 Consortes
788 1344 897 1387 thori,
926 1345 1164 1390 tracluetaque
1182 1345 1360 1390 pissnora⁷
1387 1345 1478 1384 nati,

567 1399 727 1446 Ipsaque
755 1400 936 1443 nobilitas,
964 1402 1151 1446 prcesaqia
1180 1404 1278 1434 certa
1306 1399 1426 1446 futuri

501 1467 549 1490 370
570 1456 735 1501 Imperii,
770 1456 937 1491 hortatur
965 1466 1133 1503 sparsum
1159 1466 1231 1502 per
1257 1456 1393 1491 ecerula
1422 1456 1546 1501 vulqus

569 1513 774 1547 Damnatus
801 1514 925 1548 totiens
955 1513 1124 1547 bellorum
1156 1512 1297 1547 casibus
1322 1512 1428 1546 urbes

570 1569 750 1614 Linquere
780 1573 811 1603 et
838 1569 973 1603 undoso
1004 1570 1232 1603 circumdare
1261 1569 1382 1602 limina
1404 1572 1515 1613 ponto

568 1624 835 1670 Mansurosque
865 1629 991 1670 optare
1014 1625 1137 1671 focos,
1161 1636 1234 1670 pro
1264 1624 1433 1658 moenibus
1462 1623 1560 1658 unda

569 1680 642 1715 Stet
669 1681 814 1727 quibus,
847 1682 998 1715 adverso
1029 1691 1179 1727 qua’que
1208 1685 1314 1715 exeat
1343 1680 1442 1714 obvia
1473 1679 1581 1713 bello.-

503 1748 553 1773 375
573 1737 644 1772 Hic
673 1748 849 1772 mansura
875 1738 1017 1779 domus,
1045 1738 1110 1783 fas
1136 1737 1193 1771 liic
1215 1746 1366 1772 servare
1393 1736 1566 1779 Penates,

570 1793 737 1829 Cladibus
766 1795 937 1828 innocuos
962 1793 1026 1839 fas
1055 1793 1167 1827 libera
1198 1794 1280 1827 iura
1309 1793 1410 1826 tueri.

569 1850 711 1884 Extulit
735 1849 791 1883 liis
819 1851 977 1884 animum
1006 1846 1106 1884 dictis
1131 1859 1310 1895 qenerosa
1340 1850 1500 1883 iuventus

568 1906 829 1952 Consiliumque
853 1905 1007 1951 probat;
1032 1907 1103 1939 iam
1133 1907 1202 1940 iam
1234 1915 1333 1939 mens
1361 1904 1521 1939 omnibus
1551 1915 1623 1939 una

567 1962 745 1996 Deserere
774 1962 956 2008 infaustas
985 1966 1105 1995 terras
1133 1963 1312 2006 altumque
1341 1965 1482 2000 tenere:

499 2027 548 2053 330
570 2017 649 2052 Iam
680 2022 806 2064 teqetes
833 2018 1050 2064 humilesque
1080 2028 1176 2052 casce
1203 2019 1347 2062 iamque
1377 2018 1449 2051 alta
1473 2018 1634 2062 palustri

566 2074 727 2109 Culmina
757 2079 980 2120 consurqunt
1002 2074 1160 2113 calamo;
1185 2085 1256 2119 pro
1286 2073 1446 2108 dulcibus
1475 2075 1573 2108 arvis

566 2131 682 2165 Littus
711 2136 743 2165 el
768 2131 866 2166 unda
890 2131 1031 2176 placet,
1056 2140 1201 2176 proque
1230 2131 1317 2176 ipsis
1345 2129 1514 2164 moenibus
1538 2131 1610 2164 alta

567 2188 753 2232 Aequora,
782 2188 968 2232 multioaqo
994 2196 1072 2221 sese
1104 2188 1279 2233 einqentia
1305 2186 1431 2231 fluctu.
1491 2176 1497 2182 ⁸

566 2243 632 2277 Bis
662 2247 716 2277 ter
746 2244 838 2278 dena
864 2254 950 2289 vaqo
977 2243 1203 2288 clistinquitm·
1232 2243 1349 2277 insula
1381 2242 1520 2284 Nereo,

498 2308 546 2333 385
569 2298 669 2342 Quas
700 2309 822 2334 rerum
854 2299 998 2333 Natura
1025 2308 1165 2344 parens
1191 2299 1328 2344 colleqit
1356 2299 1392 2332 in
1419 2298 1560 2337 orbem:

571 2356 696 2391 Omnia
726 2365 877 2390 eernere
901 2360 981 2389 erat
1008 2355 1075 2389 lias
1102 2357 1361 2389 interereseere
1391 2355 1503 2398 cultu,

568 2411 729 2457 Quotque
755 2413 831 2446 salo
864 2415 1037 2446 steterant
1062 2421 1229 2452 numero,
1262 2414 1310 2445 tot
1335 2415 1458 2445 castra
1483 2415 1650 2455 putasses

565 2467 721 2513 Disponi
743 2472 774 2502 et
804 2469 911 2502 vastis
937 2468 1044 2502 simul
1071 2467 1203 2512 oppida
1227 2476 1380 2512 surqere
1408 2468 1555 2512 eampis.

573 2523 664 2558 Urbs
685 2528 766 2558 erat
793 2535 866 2558 una
896 2528 1035 2566 tamen,
1069 2524 1134 2558 secl
1160 2534 1231 2569 qua
1256 2525 1349 2557 stetit
1372 2524 1444 2557 alta
1465 2523 1666 2570 profundis

497 2586 547 2614 390
567 2580 695 2615 Insula
725 2585 827 2625 septa
856 2580 974 2622 vadis,
1003 2579 1086 2614 hinc
1117 2583 1222 2625 atque
1250 2579 1333 2613 ltine
1360 2580 1479 2614 cffclua
1508 2582 1617 2626 ripis,

567 2636 642 2671 Res
667 2636 761 2670 dedit
782 2637 864 2682 ipsa
893 2636 967 2670 loco
997 2646 1124 2670 nomen
1155 2636 1204 2669 nil
1230 2636 1374 2670 cedere.-
1404 2636 1516 2671 turlue

568 2692 700 2728 Sedula
730 2693 892 2728 nobilitas
918 2692 1066 2738 urbique
1096 2693 1228 2726 intenta
1251 2691 1388 2737 futurce

565 2748 763 2784 Hortatrix
792 2759 940 2795 operum
964 2749 1098 2791 stabat,
1125 2749 1338 2793 pariterque
1371 2758 1512 2783 movere

568 2804 740 2848 Consilia,
772 2810 809 2840 ut
837 2805 952 2840 cultus
979 2806 1076 2850 qenti
1103 2809 1208 2850 utque
1239 2805 1378 2838 immota
1410 2810 1571 2840 maneret

506 2869 554 2896 395
575 2861 738 2907 Retlifflo,
776 2873 847 2906 qua
868 2866 976 2907 parte
1000 2860 1144 2907 forum,
1176 2872 1245 2906 qua
1265 2862 1390 2906 prima
1420 2865 1567 2897 senatus

565 2917 706 2952 Limina
736 2922 769 2952 et
797 2918 852 2952 liis
881 2917 1016 2952 cultriae
1035 2927 1207 2963 superum
1239 2921 1473 2963 consurgeret
1501 2930 1582 2953 ara.

566 2973 615 3009 Et
643 2975 713 3008 iam
745 2979 882 3020 tempus
909 2978 1005 3016 erat,
1039 2985 1106 3019 quo
1136 2975 1255 3009 aversi
1277 2984 1417 3008 cornua
1448 2976 1546 3009 tauri

390 3101 431 3122 ³⁹¹
459 3105 598 3136 caedere
626 3108 655 3136 1.
727 3104 771 3124 3⁹⁷
795 3103 948 3147 tempus]
975 3115 1116 3135 vernum.
