2081 3517
272 200 367 246 206
923 216 1113 238 PRAEFATIO
1131 215 1319 237 EDITORIS.

359 322 510 353 Huttem'
536 321 581 352 ad
607 321 879 362 epigrammata,
908 327 978 358 qua
1004 316 1157 355 Caesari,
1192 320 1230 347 ut
1259 316 1376 357 legat,
1412 319 1474 347 aut
1498 326 1569 347 non
1600 315 1700 357 legat
1732 315 1860 354 etiam,
1894 314 1963 346 sal-

269 370 342 398 tem
366 366 503 398 habeat
526 366 621 396 hunc
646 365 787 401 librum,
816 372 894 394 eum
921 361 1147 401 conmendat,
1174 361 1343 402 praefatio
1367 360 1524 392 videnda
1549 363 1604 391 est
1628 360 1698 392 vol.
1716 360 1744 392 I.
1764 371 1798 402 p.
1815 359 1892 392 234.
1911 370 1963 401 sq.

357 412 412 442 De
437 411 614 452 prioribus
640 408 812 449 exemplis
830 407 984 438 maxime
1002 406 1169 437 videatur
1185 406 1298 446 Index
1315 405 1402 437 bibl.
1421 406 1524 437 Hutt.
1543 415 1637 436 num.
1655 405 1732 437 XX.
1751 416 1784 446 p.
1801 403 1871 436 34*
1887 414 1962 445 sqq.

269 456 347 487 Non
372 455 473 487 nulla
498 456 777 497 epigrammata,
805 454 828 482 i.
848 462 878 482 e.
899 461 976 492 qufe
1003 454 1124 482 nostro
1151 450 1312 491 exemplo
1338 453 1420 481 sunt
1448 450 1512 487 18³,
1527 448 1596 489 18¹³,
1611 449 1768 489 l23‚124‚
1780 448 1834 489 66,
1846 448 1898 488 65,
1910 450 1963 485 27,

273 499 430 539 122‚113.
450 510 529 531 cum
553 499 666 530 tribus
691 496 981 538 Aperbachianis
1007 495 1052 526 ad
1080 495 1152 526 124.
1172 496 1340 536 repetitis
1365 495 1508 536 alioque
1535 496 1599 526 ‘De
1627 495 1766 526 Cancro
1793 505 1817 525 a·
1838 494 1963 525 floren-

268 545 354 576 tinis
385 546 492 586 picto'
525 544 570 575 ad
598 542 671 574 113.
698 543 791 572 infra
824 541 995 582 repetito,
1029 541 1180 581 primum
1205 540 1376 571 Eobanus
1400 540 1538 571 Hessus
1570 539 1785 581 vulgaverat
1815 549 1847 570 a.
1867 537 1965 570 1516.

270 589 433 631 exemplo
465 589 673 620 adem-atius
699 586 774 618 Ind.
795 586 883 616 bibl.
903 586 1005 616 Hutt.
1025 595 1119 616 num.
1140 586 1199 616 XI.
1218 585 1250 616 2.
1269 596 1302 626 p.
1324 582 1400 616 143.
1419 585 1616 626 descripto,
1648 585 1685 615 in
1719 584 1820 615 euius
1847 584 1965 615 fronte

268 634 335 665 hoc
363 635 584 676 epigramma
607 632 742 673 legitur

955 696 1197 744 LECTQRIB
1207 697 1275 729 VS.

666 767 713 801 Et
742 778 822 813 quse
851 767 990 813 videtis,
1023 771 1105 802 aule
1134 769 1208 802 visu
1238 771 1321 802 sunt
1349 777 1545 814 nusquam,

665 823 712 857 El
738 834 818 868 quse
848 824 984 869 leyetis,
1017 828 1100 858 ante
1129 825 1218 858 lectu
1247 827 1331 858 sunt
1358 834 1558 870 nusquam:

665 878 874 925 Quicunque
896 881 1090 925 perleyetis
1118 881 1204 922 isla,
1233 881 1399 922 lectores,

666 936 780 970 Brevi
805 935 917 970 libello
943 937 1081 981 scripta
1111 947 1192 981 quce
1224 936 1373 978 dumus,
1398 937 1539 982 passim

664 992 833 1037 Leyemla
858 992 977 1037 vulgro,
1003 992 1149 1037 perdar
1179 996 1211 1027 el
1239 993 1368 1026 misere
1396 994 1530 1035 vivam,

665 1046 706 1082 Si
732 1048 821 1083 lecta
849 1059 920 1083 uon
951 1048 1126 1082 cantabilis.
1185 1047 1280 1083 Satis
1308 1048 1439 1084 dictum
1469 1052 1533 1084 est.

355 1190 460 1222 Modo
487 1191 704 1222 enumeratis
732 1191 1006 1232 epigrammatis
1032 1191 1119 1232 ipsis
1144 1191 1223 1222 haec
1241 1190 1417 1232 praefatus
1436 1193 1508 1222 est:
1535 1190 1771 1231 „Addidimus
1789 1189 1965 1228 hocloco,

266 1236 450 1275 „candide
476 1236 606 1273 lector,
634 1236 796 1277 quaedam
822 1236 976 1266 Hutteni
1001 1236 1275 1277 Epigrammata
1301 1235 1346 1266 ad
1373 1246 1451 1266 eam
1478 1246 1570 1276 rem,
1599 1235 1641 1266 de
1668 1246 1737 1276 qua
1761 1245 1855 1266 nunc
1881 1235 1967 1265 scri-

266 1282 452 1323 „psimus,
485 1282 723 1322 pertinentia,
758 1285 797 1312 ut
822 1281 927 1312 simul
953 1285 1166 1322 appareret,
1200 1284 1371 1322 quantum
1397 1285 1433 1311 et
1457 1281 1513 1311 vir
1538 1281 1599 1311 ille
1627 1280 1806 1312 Germano
1831 1279 1968 1311 nomini

265 1327 350 1365 „(in
376 1336 444 1367 quo
469 1329 574 1357 natus
602 1326 669 1367 est)
695 1326 850 1365 tribuat,
887 1330 923 1357 et
948 1330 1106 1357 nostrum
1132 1326 1168 1356 in
1195 1326 1448 1366 consequenda
1483 1329 1546 1356 tua
1577 1326 1697 1367 gratia
1729 1325 1902 1363 studium,
1937 1324 1968 1355 si

268 1372 450 1409 „istarum
475 1381 592 1402 rerum
618 1375 670 1410 te,
706 1381 794 1412 quas
826 1371 932 1413 longe
965 1371 1228 1402 selectissimas
1260 1371 1452 1410 habemus,
1486 1371 1703 1412 participem
1729 1370 1968 1401 faceremus''.

268 1417 357 1447 Tum
383 1420 463 1457 post
487 1416 575 1447 illud
601 1416 667 1447 ‘De
695 1416 834 1447 Cancro
862 1426 882 1447 a
908 1416 1108 1447 florentinis
1133 1417 1241 1457 picto'
1269 1417 1430 1456 sequitur
1456 1416 1609 1447 ‘Eobani
1633 1415 1742 1446 Hessi
1767 1414 1968 1456 Appendix.

266 1461 319 1492 Ad
337 1461 472 1492 Poetas
497 1460 559 1492 Sui
586 1462 790 1502 temporis’,
808 1462 901 1502 quod
925 1461 1165 1492 hexastichon
1184 1460 1346 1492 dedimus
1363 1460 1434 1492 vol.
1453 1461 1480 1492 Ι.
1500 1471 1533 1502 p.
1555 1459 1648 1499 123.;
1666 1460 1901 1492 novissimum
1918 1459 1968 1490 lo·

267 1516 346 1537 cum
372 1507 508 1537 Hessus
534 1506 631 1538 dedit
656 1516 718 1537 suo

832 1576 878 1611 In
909 1577 1116 1611 Barbarum
1145 1577 1406 1611 Deo-actorem.

401 1653 481 1689 Iam
509 1666 624 1698 nunc,
653 1655 844 1697 Barbare,
875 1657 907 1689 si
938 1655 1038 1699 lz‘bet,
1188 1654 1267 1690 Non
1297 1656 1485 1700 quisquam
1511 1654 1619 1689 nitido
1638 1654 1734 1699 pedo

402 1711 540 1748 clames
570 1712 619 1746 ud
643 1712 817 1757 populum
848 1712 928 1745 licet
1186 1710 1432 1745 Inculcuverit
1456 1710 1657 1745 Hercules.-

402 1767 551 1813 ίΝιιρας
579 1778 623 1802 en
651 1769 777 1802 iterum
805 1778 916 1802 novus
1143 1774 1172 1798 κ)
1187 1767 1279 1810 Sed,
1311 1777 1415 1813 quem
1445 1777 1510 1801 nos
1537 1766 1811 1811 celebravimus,

404 1824 588 1859 ‘Insulsus
618 1829 650 1858 el
674 1822 851 1859 inutilesl⁷
1187 1823 1313 1858 Ccesur
1340 1828 1410 1857 lam
1437 1824 1542 1868 prior
1573 1823 1734 1857 omnibus

374 1881 502 1915 5Heus
533 1885 586 1915 lu!
612 1891 681 1914 uon
703 1881 812 1925 prius
840 1881 973 1925 aspicis
1186 1879 1253 1913 Est
1280 1883 1313 1913 el
1339 1879 1495 1924 fortibus
1525 1884 1556 1913 el
1586 1879 1700 1921 bouis,

402 1936 516 1979 Quam
545 1938 594 1971 sis
619 1947 780 1982 prorsus
806 1938 958 1971 inutilis,
1189 1934 1303 1978 Quam
1332 1941 1368 1970 tu
1386 1937 1492 1982 peior
1521 1945 1559 1970 es
1589 1935 1750 1971 omnibus

404 1993 516 2036 Quum
546 1993 696 2027 (Zamnes
721 2003 762 2027 eu
792 2004 873 2038 quw
904 1992 963 2026 libi
1188 1992 1234 2026 El
1264 1992 1473 2027 vecordibus
1503 1997 1536 2026 el
1564 1993 1680 2026 mulis.

362 2072 416 2102 De
443 2068 746 2100 Francofurtensi
779 2068 823 2099 ab
859 2067 983 2098 codem
1016 2067 1185 2105 Eobano,
1219 2070 1258 2098 ut
1290 2072 1388 2099 recte
1415 2071 1501 2108 puto
1534 2067 1666 2105 fertur,
1703 2078 1735 2098 a.
1757 2065 1850 2098 1538.
1872 2066 1970 2098 edito

269 2116 420 2148 Hutteni
446 2124 592 2156 operum
617 2114 840 2155 poeticorum
866 2111 1028 2153 exemplo
1048 2112 1137 2152 (Iud.
1159 2112 1244 2143 bibl.
1263 2113 1365 2143 Hutt.
1383 2122 1476 2143 num.
1496 2113 1573 2143 XX.
1592 2113 1623 2143 2.
1643 2112 1718 2143 sive
1736 2111 1796 2153 L.)
1822 2122 1892 2143 non
1918 2112 1970 2143 di·

270 2172 387 2192 cerem
414 2170 519 2201 quam
544 2159 784 2200 neglegenter
808 2158 946 2188 factum
972 2160 1046 2196 est,
1079 2157 1148 2188 nisi
1180 2160 1372 2198 sequentes
1400 2158 1555 2189 editores
1582 2156 1716 2188 clausis
1741 2156 1856 2188 oculis
1882 2157 1970 2188 illud

269 2207 386 2238 secuti
412 2207 535 2237 essent
558 2204 737 2244 vitiaque,
770 2207 809 2234 ut
834 2204 890 2242 fit,
925 2203 1123 2235 auxissent.
1174 2203 1347 2234 Gruterus
1374 2202 1465 2242 (Ind.
1484 2202 1571 2233 bibl.
1591 2202 1693 2232 Hutt.
1712 2212 1806 2233 num.
1825 2202 1902 2233 XX.
1921 2202 1967 2241 3.)

268 2255 446 2293 praeterea
477 2248 656 2291 permulta
690 2249 953 2290 epigrammata
988 2247 1032 2278 ab
1065 2248 1182 2279 Hesso
1215 2248 1371 2289 repetita
1402 2246 1508 2288 plane
1542 2247 1679 2285 omisit,
1713 2247 1844 2277 desunt
1875 2247 1970 2278 enim

271 2296 430 2327 ‘Delitiis
454 2298 552 2336 poet.
573 2294 702 2326 Germ.'
731 2304 774 2325 ex
797 2293 1034 2324 Huttenianis
1066 2292 1112 2323 ad
1136 2292 1424 2323 Maximilianum
1456 2302 1535 2333 quae
1567 2291 1747 2329 dedimus,
1780 2292 1859 2322 haec
1885 2302 1971 2333 qua-

269 2342 457 2383 draginta:
490 2337 860 2379 8,11‚1·2,16‚17‚18³,
873 2338 989 2377 22,·2‹j‚
1002 2336 1119 2377 32,33‚
1131 2338 1183 2376 44,
1195 2336 1247 2376 46,
1259 2337 1312 2375 55,
1326 2336 1380 2377 63,
1393 2336 1574 2376 78,81,82,
1587 2335 1835 2376 86,88,89,90,
1848 2336 1901 2375 91,
1913 2335 1967 2375 94,

268 2382 769 2425 96‚101‚10·2,105‚118‚(123‚
798 2383 889 2424 quod
915 2393 986 2414 non
1010 2383 1081 2413 nisi
1112 2383 1150 2413 in
1182 2382 1343 2424 exemplo
1370 2392 1402 2413 a.
1424 2381 1519 2413 1516.
1540 2381 1638 2412 edito
1665 2381 1778 2422 extat)
1806 2380 1968 2421 125‚129‚

272 2429 431 2471 131,132,
447 2426 1039 2468 13-1,135,136,139,143.148,151,
1067 2427 1197 2458 desunt
1220 2427 1308 2458 item
1332 2427 1569 2468 Epitaphium
1593 2426 1679 2458 Iulii
1703 2427 1770 2467 IL,
1799 2437 1843 2458 ex
1869 2426 1970 2458 Cori-

268 2477 378 2507 tianis
402 2476 475 2515 2,4‚
504 2478 539 2505 et
564 2474 607 2505 de
633 2477 731 2505 statu
755 2473 917 2504 Romano
942 2471 1186 2512 5,’1”,9,10,117
1202 2471 1378 2511 12,13,15.

359 2520 530 2552 Ordinem
562 2519 861 2561 epigrammatum
893 2528 971 2549 eum
997 2518 1141 2549 servavi
1167 2527 1270 2558 quem
1296 2520 1421 2549 auctor
1446 2516 1606 2557 exemplo
1631 2516 1852 2558 Augustensi
1877 2514 1968 2556 (Ind.

268 2566 356 2598 bibl.
376 2566 478 2596 Hutt.
497 2565 573 2595 XX.
596 2564 638 2604 1.)
664 2565 741 2605 ipse
767 2564 988 2602 instituerat,
1016 2562 1224 2593 adem-atius
1250 2566 1370 2593 autem
1396 2572 1502 2603 quam
1520 2562 1658 2593 Hessus
1683 2562 1836 2601 fecerat,
1863 2562 1969 2592 immo

272 2612 395 2642 facere
429 2610 572 2642 omnino
603 2609 833 2650 neglexerat,
867 2608 1031 2639 diversas
1065 2608 1169 2638 huius
1202 2607 1430 2639 collectionis
1456 2607 1655 2648 particulas
1681 2605 1832 2648 singulis
1858 2607 1970 2637 etiam

270 2666 352 2688 suos
378 2665 544 2687 numeros
570 2653 781 2696 adponendo
807 2653 973 2693 distinxi,
1007 2663 1051 2683 ne
1077 2653 1181 2684 varia
1207 2656 1420 2694 argumenta
1446 2652 1780 2693 conpositionisque
1805 2654 1970 2693 tempora

270 2701 498 2743 inconposita
521 2699 796 2742 perturbatione
822 2698 1114 2730 obscurarentur.
1163 2708 1246 2729 nam
1280 2698 1427 2739 egregie
1463 2698 1508 2728 ad
1538 2697 1727 2728 historiam
1752 2696 1808 2728 sui
1831 2699 1968 2738 tempo-

270 2747 336 2785 ris,
368 2747 552 2788 praecipue
584 2744 759 2776 bellorum
791 2747 919 2775 contra
942 2743 1100 2774 Venetos
1132 2747 1314 2784 gestorum
1346 2738 1488 2784 plenius
1515 2741 1803 2783 cognoscendam
1827 2741 1971 2772 faciunt

269 2791 348 2822 haec
375 2791 653 2833 epigrammata,
680 2789 840 2830 quamvis
865 2789 945 2830 ipsa
969 2788 1074 2819 huius
1092 2788 1253 2819 historiae
1272 2789 1552 2829 descriptionem
1570 2787 1716 2818 minime
1735 2786 1968 2818 contineant:

271 2837 433 2868 carmina
464 2836 610 2877 scripsit
634 2835 832 2873 Huttenus,
867 2844 938 2865 11011
970 2833 1136 2864 annales:
1172 2835 1265 2864 ‘sunt
1290 2834 1565 2874 Epigrannnata
1599 2831 1694 2873 (ipse
1727 2834 1855 2863 auctor
1878 2831 1970 2862 dicit

273 2881 360 2913 ‘vol.
379 2882 407 2912 I.
426 2892 460 2922 p.
478 2881 554 2913 234.
573 2881 603 2919 ξ.
621 2879 668 2919 6.)
694 2880 795 2911 varie
821 2879 974 2910 diversis
1000 2879 1088 2909 locis
1115 2888 1157 2909 ac
1182 2879 1403 2919 temporibus
1428 2879 1465 2908 in
1489 2881 1570 2908 tuas
1595 2875 1842 2918 [Maaez'mz‘liam’
1859 2876 1970 2908 Coesa-

270 2924 358 2966 ‘risJ
383 2926 524 2957 scilicet
548 2926 738 2961 victorias,
765 2928 827 2956 aut
851 2927 890 2954 ut
916 2924 1078 2965 quodque
1104 2923 1285 2954 obiectum
1312 2927 1366 2954 est
1391 2922 1482 2964 quod
1506 2922 1566 2953 vel
1592 2922 1668 2963 ipse
1694 2921 1788 2963 vidi,
1821 2921 1969 2962 quibus-

273 2970 372 3002 ‘dam
398 2972 509 3003 etiam
533 2971 700 3010 interfui,
728 2970 785 3002 vel
812 2968 964 3001 aliorum
989 2968 1166 3000 relatione
1193 2972 1329 3009 gestulii
1358 2968 1534 3010 cognovi'.
