2081 3517
489 213 649 235 HVTTENI
670 213 737 233 PRO
758 212 828 234 ARA
847 211 1047 233 CORITIANA
1066 210 1343 232 EPIGRAMMATA.
1662 189 1749 234 271

640 731 853 766 VLRICHI
884 732 941 767 DE
975 732 1182 766 HVTTEN

717 810 883 839 uoviris
917 810 1100 835 (mmmm

593 874 707 912 PRO
748 875 858 913 ΑΗΔ
906 875 1227 913 GORlTlANA

741 956 832 986 QVAE
856 956 933 981 EST
954 956 1078 981 ROMAE

265 1063 282 1100 1
730 1021 1094 1052 EPIGRAMMATA.

327 1111 523 1161 Propitius
555 1112 747 1162 qnondam
782 1111 938 1150 Cretaeis
969 1111 1112 1161 Iupiter
1145 1112 1240 1155 oris,

439 1179 634 1229 Propitius
667 1178 788 1217 sertui·
820 1179 885 1217 Sol
916 1179 1108 1217 habitasse
1141 1179 1283 1223 Rhodi,

326 1245 451 1283 Pallas
482 1245 684 1283 Athenzeas
715 1258 884 1296 prfesens
916 1248 1086 1296 respexit
1117 1246 1162 1284 ad
1195 1258 1301 1289 aras,

296 1326 310 1350 4
444 1312 619 1351 Maenalio
651 1315 782 1352 statuit
812 1314 891 1352 Pan
923 1327 991 1352 sua
1023 1326 1131 1351 sacra
1164 1314 1277 1363 ingo,

329 1380 459 1418 Thura
492 1380 553 1418 (lat
585 1392 765 1429 {equorea
798 1380 982 1419 Taenaros
1013 1381 1230 1430 gratissima
1262 1381 1367 1429 regi,

442 1448 534 1486 Fert
565 1448 660 1486 111110
691 1447 816 1486 altrici
847 1453 930 1486 vota
962 1460 1177 1498 precesque
1210 1448 1345 1490 Samo,

330 1515 507 1554 Dilexere
538 1517 622 1565 pios
653 1515 834 1554 Phoehcia
867 1516 1024 1554 numina
1057 1515 1244 1565 Delphos,

298 1598 312 1621 s
446 1583 593 1634 Syrtica
626 1584 830 1633 cornigero
864 1583 984 1621 suniat
1015 1595 1130 1621 arena
1163 1583 1262 1625 Iovi,

332 1650 531 1701 Praecipue
562 1651 660 1689 Maia
692 1652 863 1701 genitum
897 1649 1064 1701 Cyllenia
1095 1650 1248 1700 placant

443 1718 621 1768 Templa,
655 1718 784 1757 Venus
815 1718 959 1768 Paphia
991 1719 1153 1757 sustinet
1183 1718 1279 1756 urbe
1312 1717 1404 1762 coli,

332 1785 701 1837 Amphitryoniaden
734 1787 892 1836 proprie
925 1785 1013 1824 colit
1045 1785 1174 1823 ultima
1208 1785 1352 1829 Gades,

281 1866 312 1891 12
446 1853 695 1904 Vulcanoque
727 1855 847 1903 inagis
878 1854 1035 1891 Lemnia
1069 1865 1177 1891 sarra
1208 1852 1335 1891 litant:

155 1977 208 1998 v.1.
228 1988 311 2010 vnn.
333 1979 362 2008 1.
435 1976 494 2019 DE]
523 1977 567 2008 ab
588 1980 663 2008 24.
728 1977 781 1997 Η·
800 1977 895 2008 Area
914 1979 944 2007 4.
971 1978 1025 2008 De
1045 1977 1114 2008 hae
1134 1988 1198 2008 ara
1217 1979 1252 2008 et
1277 1976 1320 2007 de
1348 1976 1426 2017 ipso
1446 1976 1584 2008 Coritio
1604 1987 1681 2018 quae
1701 1977 1769 2008 sci-

67 2045 145 2067 mus
163 2036 199 2066 in
218 2034 342 2076 primis
363 2044 404 2064 ex
425 2034 636 2074 Corycianis
656 2033 748 2074 (Iud.
770 2033 857 2064 bibl.
877 2034 978 2064 Hutt.
997 2034 1073 2064 XX.
1095 2032 1122 2064 1.
1143 2033 1180 2075 γ)
1199 2033 1395 2072 haurimus,
1424 2043 1583 2074 quorum,
1613 2044 1691 2064 cum
1710 2044 1775 2075 per

69 2092 301 2123 Germaniam
327 2093 460 2132 praeter
485 2090 745 2121 Monaehiense
780 2089 982 2131 exemplum
1014 2090 1074 2120 vix
1101 2094 1216 2128 extet,
1249 2090 1504 2131 praefationem
1538 2099 1617 2120 cum
1649 2093 1774 2130 poeta-

67 2159 144 2180 rum
168 2148 289 2179 indice
315 2146 371 2177 his
396 2147 608 2178 Huttenieis
637 2146 910 2187 epigrammatis
936 2146 1195 2177 subiunximus.
1245 2149 1425 2186 praeterea
1450 2146 1563 2178 Pierii
1589 2145 1776 2176 Valeriani

67 2205 131 2236 lib.
150 2205 198 2236 ΙΙ.
218 2204 260 2235 de
286 2203 529 2235 litteratorum
556 2202 779 2233 infelicitate
814 2206 849 2233 et
874 2202 979 2233 J’auli
1004 2203 1099 2233 Iovii
1124 2202 1334 2243 Elogiorum
1362 2212 1441 2243 cap.
1462 2201 1557 2233 CIII.
1587 2202 1774 2240 adeantur,

70 2273 112 2293 ex
146 2260 274 2303 quibus
308 2262 344 2291 et
374 2259 544 2301 Longolii
578 2259 719 2300 epistol.
740 2259 801 2289 lib.
822 2258 867 2290 ΙΙ.
890 2258 951 2290 fol.
973 2257 1048 2290 183.
1082 2258 1217 2289 Baelius
1245 2258 1381 2290 Coricii
1412 2258 1523 2289 vitam
1550 2258 1775 2298 (Dic-tionar.

69 2329 103 2350 v.
133 2316 296 2356 soricius)
329 2316 489 2347 breviter
521 2315 719 2347 enarravit.
764 2315 818 2345 (ff.
839 2315 908 2346 vol.
928 2316 974 2345 II.
995 2326 1027 2356 p.
1050 2313 1122 2345 164.
1143 2325 1175 2346 v.
1195 2314 1247 2346 23.
1343 2315 1384 2346 In
1416 2314 1472 2346 his
1504 2315 1776 2356 epigrammatis

70 2374 232 2405 ordinem
258 2382 389 2413 sequor
416 2372 658 2413 exemplorum
685 2374 777 2402 1...4.
805 2371 896 2408 (Iud.
918 2371 1004 2402 bibl.
1026 2382 1057 2402 n.
1079 2371 1193 2411 XX),
1221 2382 1292 2403 11011
1320 2382 1399 2402 eum
1426 2372 1487 2412 qui
1511 2372 1547 2401 in
1568 2371 1601 2402 C.
1630 2370 1687 2411 (z
1712 2371 1776 2402 Co-

72 2430 246 2471 rycianis')
273 2429 488 2460 observatus
515 2432 586 2466 est,
620 2429 681 2459 ubi
707 2428 786 2459 haee
811 2427 830 2458 5
859 2428 1123 2469 epigrammata
1150 2428 1201 2458 sie.
1229 2428 1422 2460 conlocata
1448 2430 1548 2459 sunt:
1575 2426 1777 2466 3‚·2,5,1,4.

163 2485 171 2506 ¹
198 2486 251 2517 Ab
276 2486 362 2516 Iove
387 2485 622 2526 principium!
644 2472 906 2526 Kpsrlwysvrjg,
931 2485 1121 2523 Δικταῐος,
1147 2477 1303 2521 Ἰδαῖος,
1326 2484 1370 2515 ab
1389 2483 1582 2515 Amalthea
1605 2483 1778 2521 nutritus;

73 2542 210 2582 „Creta
228 2543 324 2574 Iovis
350 2542 473 2583 magni
498 2542 614 2573 medio
641 2543 739 2572 iacet
764 2540 883 2572 insula
908 2542 1053 2582 ponto”.
1079 2541 1188 2582 Verg.
1207 2542 1296 2572 Aen.
1315 2540 1382 2572 ΙΙΙ.
1409 2540 1478 2572 [04.
1557 2540 1721 2581 Iuppiter
1746 2542 1778 2572 C.

72 2598 85 2618 ²
104 2598 164 2630 Sol
182 2598 356 2629 Rhodius.
384 2597 430 2629 ef.
449 2598 552 2639 impr.
572 2598 719 2628 Pindar.
741 2597 796 2628 Ol.
813 2598 891 2628 VII.
910 2609 939 2629 0.
959 2598 1115 2639 interpp.
1175 2596 1187 2615 3
1206 2597 1331 2628 Pallas
1342 2596 1494 2628 Athene.
1554 2595 1567 2615 4
1584 2597 1673 2635 Pan,
1693 2597 1780 2628 Mae-

73 2654 204 2694 nalius,
233 2655 254 2685 i.
276 2664 305 2685 e.
325 2653 503 2685 Arcadius
529 2654 627 2685 deus.
656 2654 760 2685 Ovid.
780 2655 881 2685 Fast.
901 2655 961 2686 IV.
981 2654 1057 2685 1350.
1128 2653 1140 2672 5
1166 2654 1327 2695 Tenaros
1354 2664 1518 2694 aequoreo
1545 2655 1626 2684 tura
1652 2663 1781 2695 aecep-

74 2711 215 2742 tissima
240 2710 328 2751 regi,
350 2714 382 2742 C.
431 2710 593 2741 Tenaros
611 2711 688 2741 edd.
736 2711 926 2742 Taenarius
946 2710 1179 2750 (Laconicus)
1206 2710 1293 2741 deus
1310 2710 1509 2751 Neptunus.
1536 2710 1693 2741 Pausan.
1713 2710 1780 2741 ΙΙΙ.

77 2767 128 2799 12.
155 2767 342 2807 Taenarus,
362 2767 534 2799 Laeoniae
561 2768 854 2808 promontorium.
917 2767 929 2787 ὃ
955 2766 1078 2798 Samia
1094 2767 1197 2798 Iuno.
1217 2767 1264 2798 ef.
1282 2767 1396 2798 Varro
1415 2777 1470 2808 ap.
1490 2767 1659 2797 Lactant.
1680 2766 1707 2797 Ι.
1730 2765 1781 2798 17.

75 2823 87 2842 ⁷
120 2823 322 2865 Delphicus
356 2823 496 2865 Apollo.
530 2824 689 2855 Pausan.
709 2824 752 2854 X.
772 2823 802 2863 5,
824 2823 854 2855 3.
948 2823 960 2842 ‘3'
992 2823 1134 2864 Iupiter
1165 2823 1327 2853 Ammon.
1355 2824 1493 2854 Lucan.
1520 2822 1647 2853 Phars.
1665 2823 1707 2854 X.
1726 2821 1781 2853 38.

77 2879 269 2921 „Syrticus
294 2880 510 2911 Hamm0n”.
587 2879 727 2911 harena
753 2883 784 2912 C.
867 2880 880 2899 9
905 2879 1125 2917 Mercurius,
1154 2890 1284 2920 „quem
1312 2878 1469 2910 eandida
1494 2879 1595 2910 Maia
1620 2878 1782 2919 Cyllenae

78 2935 198 2978 gelido
231 2939 444 2978 conceptum
476 2937 614 2968 vertice
641 2936 768 2968 fudit‘n
810 2937 919 2978 Verg.
939 2936 1026 2967 Aen.
1045 2936 1144 2966 VIII.
1166 2934 1241 2966 138.
1260 2945 1311 2975 sq.
1346 2934 1533 2976 Cyllenius
1567 2934 1785 2976 simpliciter

79 2993 189 3023 etiam
221 2993 425 3024 nominatus
452 3004 472 3024 a
497 2993 616 3034 patrio
642 2992 810 3024 Areadiae
837 3000 969 3024 monte.
1065 2991 1091 3011 ¹⁰
1116 2991 1275 3033 Paphus,
1304 2990 1413 3032 Cypri
1438 2991 1540 3028 urbs,
1569 2992 1703 3023 Veneri
1730 2992 1782 3022 ‹li-

80 3052 175 3080 eata.
204 3048 309 3080 Ovid.
329 3052 412 3080 met.
434 3049 477 3079 X.
495 3049 570 3080 243.
590 3059 666 3090 sqq.
762 3048 785 3068 ¹¹
813 3050 1007 3088 Hercules,
1034 3048 1306 3089 Amphitruonis
1332 3047 1439 3087 filius,
1467 3047 1628 3079 Gadibus
1655 3048 1785 3081 cultus.

80 3104 144 3136 Sil.
164 3105 246 3136 Ital.
267 3106 354 3136 Puu.
375 3106 438 3136 III.
460 3106 489 3136 4.
518 3105 635 3136 Strab.
656 3106 718 3136 III.
740 3117 771 3147 p.
797 3106 867 3136 172.
941 3104 1040 3146 colit]
1069 3108 1189 3136 mouet
1207 3107 1239 3134 C.
1311 3103 1433 3141 GadiS,
1453 3107 1484 3136 C.
1550 3103 1575 3124 ¹²
1601 3104 1785 3135 Lemnius.
