2081 3517
278 200 369 245 188
410 224 412 226 '
554 220 704 240 Hsshmxx
725 218 882 240 VENATIO
901 215 1059 238 LEONVM.
1131 214 1263 235 BEBELI
1283 213 1450 240 QVERELA
1469 212 1677 234 GERMANJAE.

537 325 738 360 Fortunam
765 323 964 368 quicunque
987 319 1107 364 nequit
1134 319 1290 353 tolerare
1318 317 1535 359 secundam,

647 380 864 419 Adversum,
894 376 979 410 nolit
1006 384 1069 409 seu
1097 375 1194 417 velit,
1221 375 1278 408 ille
1301 373 1398 420 feret
1407 390 1416 408 .-

547 436 616 471 Vos
643 445 726 481 erqo
756 433 805 467 ad
827 431 1008 478 proprias
1036 434 1134 465 artes
1158 430 1314 465 redeatis
1343 440 1510 471 avorum,

471 504 519 530 2234
649 492 831 535 Armaque
861 492 894 522 et
921 487 1107 533 imperium
1139 487 1282 532 linquite
1304 486 1542 531 principibus.

737 728 793 754 AD
817 726 1034 753 VA'IVERSOS
1052 727 1278 753 GERMANIAE
1294 725 1504 752 PRINCIPES

594 785 696 817 QVOD
716 783 980 810 JJ'STJSSIMVM
997 783 1052 808 ET
1070 783 1160 809 TOTI
1176 782 1402 809 GERMANIAE
1420 780 1646 807 GLORIOSJ'M

441 875 444 878 ,
480 843 693 877 BELLVM
717 841 930 875 CAESARJS
954 841 1305 873 MAXIJJJLJANI
1330 840 1515 872 CONTRA
1547 838 1769 871 VENETOS

970 907 1048 932 nox
1064 905 1275 932 ADJVVENT

832 967 1073 1011 QVERELA
1117 965 1410 1002 GERMANIAE.

880 1043 1138 1075 BEBELIVS
1162 1040 1362 1074 AVCTOR.

544 1139 571 1174 Ο
602 1148 679 1172 mea
702 1137 897 1183 progenies
926 1136 1153 1178 dulcissima,
1190 1134 1347 1169 Teutona
1373 1133 1505 1179 pubes,

650 1195 819 1239 Accipias
847 1193 972 1227 matris
994 1193 1106 1226 tristia
1130 1190 1237 1226 verba
1269 1195 1356 1225 tuce.-

542 1250 610 1285 Illa
641 1260 703 1296 eqo
735 1254 918 1284 terrarum
945 1248 1116 1282 domitrice
1141 1249 1326 1293 lequmque
1352 1245 1508 1281 verenda

508 1321 521 1345 ,ι
655 1306 869 1352 Impositriac
897 1305 978 1340 olim
1005 1304 1165 1350 (sentibus
1189 1303 1404 1344 innumeris,

541 1364 650 1401 Cuius
679 1363 842 1397 victrices
872 1361 1032 1407 aquilas,
1063 1361 1221 1395 victricia
1251 1360 1353 1404 siqua

654 1418 807 1453 Pertulit
835 1427 918 1453 eous
944 1416 1151 1462 occiduique
1180 1416 1310 1457 duces,

541 1476 648 1512 Cuius
674 1480 706 1509 et
734 1475 921 1519 imperium
953 1476 1174 1508 tremuerunt
1202 1472 1320 1506 onznia
1349 1480 1481 1516 reqna,

509 1546 524 1569 s
657 1531 807 1566 Servivit
838 1530 961 1565 Gallus
988 1528 1262 1574 Romulidceque
1287 1528 1371 1569 viri,

542 1589 661 1634 Luqeo
692 1597 788 1621 nunc
816 1587 961 1628 merito,
991 1586 1086 1620 dura
1114 1586 1252 1619 cervice
1276 1586 1465 1628 parentem

657 1643 758 1686 Quod
783 1652 838 1677 me
863 1652 976 1685 nunc,
1002 1650 1199 1687 procerem,
1232 1640 1399 1681 temnitis,
1431 1643 1536 1684 atque
1566 1638 1697 1673 duces:

545 1701 638 1736 Nam
679 1699 832 1733 Venetus
856 1700 1017 1744 populus
1047 1708 1117 1732 non
1148 1698 1226 1731 iure
1256 1700 1319 1730 aut
1344 1694 1486 1741 foedere
1515 1699 1629 1729 motus

497 1769 526 1793 12
660 1755 819 1801 Imperio
847 1755 976 1789 invasit
1005 1754 1118 1788 debita
1149 1762 1261 1798 reqna
1292 1761 1387 1794 meo,

555 1812 768 1848 Vulneribus
796 1812 944 1856 qucesita
974 1811 1060 1845 meis
1084 1804 1117 1844 et
1132 1808 1294 1854 possidet
1323 1818 1433 1851 arva,

657 1867 867 1903 Histrorum
898 1871 930 1901 et
957 1870 1091 1912 seqetes
1121 1865 1259 1899 (tenzelii
1286 1863 1445 1898 Italicas.

547 1925 638 1960 Hcec
668 1928 834 1969 repetens
858 1923 949 1969 sorti
975 1933 1073 1956 nunc
1103 1921 1227 1956 Ccesar
1250 1919 1516 1954 Maoemilianus

498 1992 527 2017 ¹6
659 1979 770 2015 Milite
801 1984 955 2014 metatur
980 1982 1102 2013 castra
1130 1986 1200 2022 per
1228 1976 1393 2018 Italiam,

546 2037 738 2083 Foelieique
764 2047 873 2070 manu
902 2036 1049 2070 summis
1078 2036 1111 2068 in
1142 2033 1316 2068 montibus
1345 2042 1452 2067 arces

661 2092 833 2138 Subiuqat
859 2096 965 2138 alque
995 2091 1101 2126 urbes
1126 2090 1191 2125 sub
1220 2090 1351 2124 ditione
1380 2093 1492 2128 tenet,-

547 2150 603 2185 De
636 2149 846 2195 Venetisque
875 2153 992 2183 actum
1021 2147 1136 2193 foret,
1168 2146 1314 2180 (natiuis
1343 2145 1445 2180 modo
1476 2145 1603 2179 vestris

500 2217 532 2241 20
664 2205 814 2240 Adiutus
843 2208 958 2240 vester
987 2205 1019 2238 si
1047 2203 1209 2238 (lominus
1232 2201 1374 2247 suerat,

552 2262 661 2306 Quem
691 2272 789 2296 nunc
815 2261 994 2302 deseritis,
1027 2260 1108 2294 dum
1131 2258 1334 2300 commoda,
1364 2258 1533 2303 qloriam,
1564 2256 1719 2292 honores

666 2318 823 2352 Nominis
851 2318 990 2362 antiqui
1016 2318 1101 2350 iura
1133 2314 1278 2360 referre
1306 2314 1394 2348 lieet.

554 2375 639 2419 Quis
667 2374 797 2420 furor,
829 2385 848 2408 o
875 2374 994 2419 quati!
1018 2383 1099 2419 quse
1127 2381 1198 2405 vox
1228 2375 1298 2404 tam
1330 2370 1431 2411 dira,
1460 2368 1642 2414 nefanda,

500 2441 532 2466 24
666 2430 753 2474 Quce
780 2434 914 2464 tantum
940 2430 1057 2474 potuit
1085 2427 1305 2462 consuluisse
1334 2425 1467 2471 nefas?

552 2487 635 2524 Heu
661 2486 763 2529 mihi,
792 2497 861 2533 quo
883 2486 1019 2531 patrue
1049 2484 1224 2525 studium,
1259 2493 1326 2528 quo
1354 2481 1482 2516 decidit
1508 2481 1647 2516 ardor?

667 2542 848 2578 Nobilibus
880 2545 1054 2587 quantum
1085 2540 1346 2586 deqeneramus
1374 2539 1471 2572 acis!

555 2601 714 2636 Classica
739 2600 825 2644 quin
857 2599 1008 2633 sonilent
1034 2600 1067 2632 et
1096 2595 1215 2630 adhuc
1242 2595 1438 2630 Germania
1467 2595 1504 2628 in
1539 2594 1653 2628 armis

503 2666 535 2691 28
667 2656 840 2701 Fulqeat‚
876 2654 1019 2700 imperii
1043 2664 1113 2699 quo
1143 2661 1361 2697 reparemus
1391 2660 1494 2696 opes,

554 2713 624 2748 Aut
653 2713 746 2747 male
770 2712 959 2757 neqliyitur
987 2711 1173 2756 qucesilum
1204 2709 1380 2753 sanquine
1409 2707 1516 2741 multo

665 2768 848 2803 Maiorum
877 2767 1082 2812 imperium,
1110 2764 1248 2811 qloria‚
1276 2763 1401 2810 fama,
1434 2763 1554 2798 decus.

332 2957 335 2959 -
379 2912 391 2932 ⁶
418 2923 532 2952 aeous,
559 2914 590 2944 1.
660 2911 688 2931 ²³
714 2910 908 2953 nephanda
933 2912 965 2941 2.
1051 2908 1079 2928 ²⁶
1104 2909 1194 2940 Haec
1221 2909 1371 2940 fortasse
1400 2907 1543 2948 aliaque
1567 2905 1771 2938 Bebeliana
1795 2916 1866 2937 non
1891 2905 1991 2936 nulla

290 2968 384 3000 inter
423 2979 554 3001 causas
589 2968 773 3000 scribendi
811 2966 979 2999 carminis
1016 2966 1059 2997 de
1096 2976 1166 2996 non
1202 2965 1374 3005 degeneri
1411 2967 1507 2995 statu
1542 2963 1801 2995 Germanorum
1831 2961 1991 2992 Hutteno

292 3024 449 3056 fuerunt.
