2081 3517
217 1176 273 1206 §.L

1036 727 1246 764 EPISTULA

812 793 1055 833 VUELONIS
1086 793 1269 832 CYMBRI
1301 792 1472 831 CVSANt

1118 863 1173 887 DE

746 916 1019 950 EXVSTIONE
1044 916 1297 948 LIBRORVM
1321 916 1538 948 LVTHERI

1111 975 1164 1000 ΕΤ
2006 979 2021 1002 5

524 1031 865 1063 MONACHORVM
890 1027 1209 1060 DOMINICANAE
1234 1027 1492 1059 FACTIONIS
1517 1028 1751 1067 NEQVITIA

693 1088 757 1118 AD
785 1086 1051 1118 GERMANIAE
1078 1083 1329 1116 PROCERES
1354 1084 1416 1115 ET
1443 1083 1596 1115 CIVES.

401 1169 635 1205 lloniinicanze
658 1169 822 1204 factionis
844 1166 1031 1207 Pium-isan,
1064 1165 1193 1213 vulgus
1223 1165 1520 1213 superciliosum,
1553 1165 1620 1201 iam
1652 1165 1737 1201 olim
1769 1166 1885 1202 Iudico
1908 1166 1998 1202 male

288 1227 418 1267 tincto,
452 1226 511 1273 qui
542 1238 621 1260 cum
653 1226 776 1272 pipere
810 1231 905 1260 trans
937 1234 1032 1258 marc
1062 1223 1173 1261 venit,
1205 1221 1309 1257 honis
1340 1221 1456 1257 literis
1487 1222 1710 1269 eruditisque
1743 1222 1908 1258 omnibus
1938 1234 1999 1258 ne·

288 1282 430 1330 got-inm
470 1282 716 1317 instituerunt.
776 1281 992 1328 Capnionem
1025 1279 1162 1314 nostis?
1200 1278 1386 1314 modestia}
1425 1289 1465 1314 ac
1494 1277 1691 1314 literaturae
1730 1290 1801 1313 non
1838 1279 1996 1325 vulgaris
2016 1293 2043 1317 10

289 1345 422 1385 typum.
455 1338 560 1373 Iidem
592 1349 683 1373 nunc
716 1349 859 1385 qnoque
891 1349 962 1372 sua·
994 1335 1116 1371 farina}
1150 1334 1408 1381 tlieologastris
1440 1334 1475 1369 in
1506 1340 1645 1382 partem
1672 1334 1808 1370 vocatis
1830 1334 2000 1371 Christia-

288 1406 366 1429 nam
408 1393 704 1441 tranquillitatem
744 1394 881 1441 aliquot
913 1393 1015 1428 annis
1052 1391 1152 1426 miris
1185 1391 1397 1438 imposturis
1430 1396 1602 1426 tentatam
1633 1396 1712 1427 toto
1744 1397 1904 1427 evertere
1936 1403 1996 1427 au-

291 1450 411 1485 dacter
449 1451 721 1496 ingrediuntur‚
782 1456 821 1485 ut
866 1449 992 1485 divinae
1042 1447 1202 1483 veritatis
1247 1446 1379 1482 lumine
1425 1447 1582 1483 extincto
1629 1447 1808 1483 fraudium
1855 1459 2000 1484 suarum

290 1507 547 1542 crassissimam
579 1512 721 1542 noctem
759 1506 890 1541 mundo
924 1504 1100 1540 olnlucere
1143 1510 1179 1539 ct
1209 1504 1350 1538 humani
1383 1504 1574 1539 commenti
1614 1504 1836 1551 tyrannidem
1869 1503 2001 1539 substi-

233 1587 272 1597 .-.
291 1568 389 1598 tuere
411 1562 562 1610 possint.
602 1562 705 1597 Venit
726 1562 808 1597 huic
839 1561 989 1608 negocio
1013 1560 1099 1595 satis
1121 1560 1410 1595 accommodatus
1428 1559 1623 1599 meander,
1656 1565 1691 1595 et
1722 1560 1812 1595 idem
1844 1560 1996 1604 Iudaeus,
2012 1568 2045 1595 ‘20

290 1619 448 1654 Romano
481 1624 560 1654 astu
591 1618 722 1654 nebulo
756 1618 932 1664 insignis,
978 1617 1034 1652 cui
1075 1616 1193 1651 omnia
1225 1615 1417 1651 venundari
1457 1628 1536 1663 quie
1567 1616 1720 1652 mundus
1760 1615 1818 1652 hic
1849 1627 2000 1664 quieque

290 1674 420 1710 ccclum
470 1674 578 1710 habet
624 1680 786 1722 potestas
827 1679 900 1713 cst,
950 1673 1067 1707 onmia
1107 1672 1249 1720 quidem
1289 1683 1396 1719 quam
1434 1672 1619 1708 veritatem
1659 1671 1826 1719 amplecti
1864 1678 1999 1720 potest,

290 1730 376 1766 nihil
417 1736 471 1766 est
513 1730 607 1777 quod
647 1742 717 1765 non
757 1735 876 1778 petat,
915 1729 1108 1764 dnnnnodo
1141 1729 1301 1763 avariciin
1333 1728 1449 1763 lorum
1480 1740 1552 1764 non
1585 1729 1762 1775 stringas,
1805 1729 1998 1764 dummodo

289 1786 410 1823 luxum
457 1787 491 1821 in
532 1792 669 1822 arctum
710 1798 780 1822 non
821 1787 929 1821 ducas
969 1785 1154 1824 Romanis;
1202 1785 1332 1831 dignus
1373 1783 1429 1819 hie
1461 1785 1523 1831 qui
1563 1784 1771 1832 apostolicze
1810 1786 1999 1833 scripturae

290 1843 410 1878 sucum
443 1843 567 1882 saciat,
608 1843 666 1889 qui
699 1843 757 1889 pia
779 1848 813 1877 et
845 1847 964 1877 sancta
989 1841 1159 1880 invertat,
1193 1841 1344 1876 honesta
1366 1847 1592 1888 corrumpat,
1624 1841 1826 1888 composita
1847 1841 1997 1889 dissipet
2012 1848 2043 1871 ‘25

289 1905 325 1934 et
356 1899 546 1934 mendaciis
578 1899 759 1934 mendacia
790 1897 1008 1937 accumulct;
1051 1897 1179 1943 dignus
1212 1897 1271 1943 qni
1304 1896 1724 1943 pseudocliristianorum
1756 1898 2000 1934 monachismo

288 1955 404 1990 bonos
436 1966 600 2002 quosque
631 1955 780 2002 perdere
809 1955 812 2000 Ι
841 1954 1073 2001 producatur.
1107 1953 1183 1988 sitit
1214 1953 1378 2000 profecto
1411 1954 1525 1989 bestia
1556 1954 1630 1990 haec
1652 1954 1831 1989 Cretensis
1859 1954 2002 1990 Germa-

288 2023 367 2046 nam
399 2011 625 2053 libertatem,
667 2012 796 2058 quierit
836 2010 969 2057 ubique
1008 2009 1155 2044 bullatis
1195 2010 1270 2045 suis
1308 2008 1433 2050 bullis,
1473 2015 1508 2045 et
1547 2010 1624 2057 ipse
1664 2009 1781 2051 bulla,
1819 2011 2001 2059 principes

689 2154 978 2187 CHVNRADVS
1004 2152 1223 2185 SARCTOR
1248 2153 1593 2185 FRANCOSAXVS

902 2210 1146 2242 GERMANIS
1173 2209 1385 2241 OMNIBVS
2012 2231 2046 2257 30

950 2275 1163 2305 SALVTEM
1194 2274 1337 2304 D1C1T.

377 2358 629 2389 Dominieanae
654 2375 698 2380 —
725 2376 763 2379 —
790 2358 907 2389 tincto
934 2357 1037 2389 bonis
1062 2375 1104 2379 —
1129 2375 1173 2379 —
1198 2357 1384 2398 negotium
1411 2357 1588 2388 fecerunt.
1633 2356 1857 2399 Capnionem
1883 2359 2002 2390 mode—

288 2414 369 2445 stim
396 2417 431 2445 et
455 2431 499 2435 —
523 2431 563 2435 m
589 2417 713 2456 typum
738 2414 864 2445 nostis.
907 2414 938 2444 Ii
964 2424 1059 2444 nunc
1085 2432 1126 2435 —
1153 2431 1193 2435 —-
1221 2413 1469 2444 Christianam
1500 2414 1752 2454 integritatem
1777 2424 1841 2446 suo
1866 2415 2000 2456 pedore

289 2471 549 2509 contaminare,
577 2470 813 2512 impudenter,
841 2469 941 2501 nullo
968 2469 1084 2501 adhuc
1109 2470 1325 2511 prohibente
1351 2472 1518 2511 pergunt.
1558 2470 1725 2501 Accessit
1749 2470 1833 2502 huic
1858 2472 2000 2512 provin—

288 2526 350 2557 tiae
375 2526 575 2566 Aleander‚
610 2529 645 2557 et
672 2527 764 2557 idem
790 2526 949 2566 Iudzeus,
984 2527 1137 2558 necdum
1164 2536 1258 2567 aqua
1284 2526 1438 2557 salutari
1466 2525 1622 2558 ablutus.
1666 2526 1770 2566 Quod
1796 2527 1826 2557 si
1853 2526 1998 2558 aliunde
2015 2537 2046 2561 κε,

288 2593 359 2614 non
384 2582 540 2621 habeas,
577 2582 718 2613 abunde
754 2583 897 2624 quidem
931 2594 973 2614 cx
1003 2582 1158 2614 hominis
1191 2583 1367 2623 moribus,
1403 2586 1439 2614 et
1463 2584 1501 2613 in
1527 2583 1623 2614 omni
1649 2586 1760 2614 aetate
1786 2582 2001 2615 illaudanda

253 2640 259 2644 ’
288 2639 374 2670 vitae
407 2638 632 2670 scelestioris
666 2639 940 2671 consuetudine.
982 2639 1086 2670 testis
1111 2639 1380 2670 Parrhisiorum
1411 2639 1603 2676 Luthetia,
1637 2640 1742 2671 testis
1768 2640 1900 2679 Roma,
1931 2641 2000 2672 Bo-

289 2695 398 2726 nonia
425 2698 459 2726 et
485 2695 606 2734 Italia,
636 2699 671 2726 et
696 2706 789 2727 nunc
816 2695 961 2727 tandem
987 2696 1182 2727 testabitur
1206 2699 1331 2727 nostra
1358 2706 1496 2737 quoque
1518 2696 1725 2727 Germania.
1768 2696 1909 2737 Dignus
1926 2696 2000 2736 hic,

291 2752 350 2791 qui
375 2751 540 2782 Paulinae
568 2755 603 2782 et
629 2752 840 2792 apostolieae
865 2768 910 2774 -·
933 2769 977 2774 —
1002 2753 1173 2791 invertat,
1202 2756 1419 2793 corrumpat,
1446 2752 1600 2794 dissipet
1626 2755 1661 2783 et
1687 2752 1879 2784 mendacia
1904 2763 2000 2784 men-

291 2807 408 2838 daciis
436 2807 659 2849 adglutinet;
693 2808 822 2849 dignus
857 2809 901 2839 ab
934 2808 1071 2850 pseudo
1105 2808 1384 2840 christianorum
1417 2809 1663 2841 monachismo
1696 2809 1808 2840 bonos
1841 2819 1998 2851 quosque
2013 2817 2046 2841 40

290 2863 473 2904 perdendo
498 2863 730 2904 producatur.
759 2882 798 2885 —
825 2883 865 2886 —
893 2864 1153 2896 Germanorum
1179 2864 1406 2896 libertatem:
1441 2866 1571 2907 quaerit
1596 2865 1728 2907 ubique
1755 2865 1901 2897 bullans
1926 2866 2000 2898 suis

379 2976 390 2990 ς
416 2975 491 3008 Iud.
510 2975 585 3006 Ioa.
602 2976 842 3008 Pfefl'erkorn.
929 2976 957 2997 ²⁰
981 2977 1010 3016 ἕ.
1028 2974 1076 3019 2.]
1106 2977 1161 3009 Cf.
1182 2977 1334 3009 Lutheri
1359 2978 1477 3010 locum
1502 2978 1539 3009 in
1565 2978 1708 3019 praefat.
1728 2978 2000 3019 transcriptum.

290 3030 497 3062 Alexander
517 3035 551 3062 G.
647 3032 966 3074 indulgentiarius.
1039 3031 1067 3051 22
1093 3032 1211 3075 quam]
1241 3038 1384 3075 praeter.
1461 3034 1489 3054 ²³
1517 3035 1684 3066 avaritiae
1713 3037 1746 3063 G.
1769 3038 1801 3065 et
1825 3035 1874 3066 sic
1899 3036 1931 3066 in
1955 3036 2000 3066 si-

291 3087 417 3118 milibus
443 3091 472 3125 t,
500 3088 554 3120 ubi
581 3098 599 3119 e
624 3088 723 3119 habet
750 3091 777 3120 1.
848 3087 877 3107 ²⁷
903 3087 1016 3132 Cret.]
1047 3091 1094 3122 cf.
1114 3090 1221 3121 Pauli
1248 3101 1300 3132 ep.
1323 3091 1367 3122 ad
1393 3091 1467 3122 Tit.
1487 3093 1514 3123 Ι.
1538 3091 1589 3122 12.
