2081 3517
304 181 399 227 378
538 201 698 223 HVTTENI
718 201 756 222 IN
775 200 1035 222 EXCEPTIONEM
1052 198 1297 221 MOGVNTINAM
1314 199 1473 220 ALBERTI
1493 199 1758 222 PANEGYRICVS.

569 304 686 347 Yare,
719 304 838 353 sapis,
873 303 1049 351 viresque
1083 305 1165 338 tuas
1195 301 1285 339 satis
1316 313 1401 339 esse
1430 303 1571 351 putasti

568 372 748 409 Arctoam
782 373 916 406 contra
946 368 1127 406 virtutem
1159 372 1195 405 et
1226 368 1399 406 Teutona
1430 367 1554 414 bella,

502 452 550 477 760
572 437 729 476 Auxiliis
760 437 1025 484 circumsaepte
1057 439 1093 473 et
1124 433 1340 483 legionibus
1370 434 1461 474 illis:

570 505 669 542 Ecce.
701 508 828 541 autem
860 507 991 551 erepta
1023 513 1094 551 pro
1126 501 1303 539 libertate
1334 502 1485 540 feroces
1740 501 2001 552 'iio‘ffiiff‘izsrfft‘iis‘fm‘

571 570 809 608 Conveniunt
839 568 971 619 populi
1003 568 1277 620 Germanoque
1309 570 1463 619 auspice
1495 569 1616 609 Bruto

570 640 685 676 Arma
716 637 866 680 ferunt;
898 637 1023 674 vivum
1054 637 1271 674 Arminium
1301 636 1506 687 visumque
1538 642 1695 687 putares

570 705 641 749 Qui
672 704 872 742 Macedum
902 703 1018 741 trahit
1050 715 1190 752 agmen
1221 705 1340 747 Arar,
1374 702 1542 742 coelestia
1573 706 1724 755 signum
1808 701 2006 753 ῑξζᾙῐξξωζζξζ

502 787 550 811 7055
571 773 751 810 Venturae
782 771 988 809 ostendunt
1020 771 1152 815 caedis,
1186 771 1382 809 Romanus
1413 771 1607 821 haruspex

568 838 756 877 I'rzevidet
786 839 904 876 iratos
935 850 1101 888 superos
1132 837 1358 888 clademque
1390 839 1615 877 minanteis:

569 907 682 956 Signa
717 910 858 943 canunt
890 918 1106 956 campoque
1137 905 1228 956 Lyci
1259 906 1505 943 concurritur
1536 907 1672 945 armis:
1710 906 1712 921 ³
1737 903 2006 959 acffl‘{‚l³e?,'3³‚¹³⁰‘¹¹¹¹¹

568 974 597 1012 O
629 973 771 1024 patria,
805 985 826 1010 o
858 984 1041 1023 magnum
1071 973 1205 1010 mundi
1237 973 1373 1010 decus!
1405 973 1532 1011 onmia
1564 973 1664 1011 bella

568 1042 760 1090 Prospera
790 1040 972 1078 Romanae
1004 1040 1168 1078 sortunae
1200 1052 1411 1090 omnesque
1443 1040 1628 1090 trIumphi

501 1123 549 1147 771»
571 1109 655 1147 Non
687 1112 870 1159 poterunt
902 1107 1016 1145 huius
1047 1108 1236 1145 iacturam
1267 1119 1423 1158 aequare
1452 1107 1595 1145 ruinae:

567 1176 773 1224 Prossigata
805 1176 931 1219 acies,
963 1179 1019 1212 tot
1049 1173 1165 1212 millia
1198 1186 1295 1213 caesa
1326 1175 1453 1213 Latini

567 1244 757 1286 Nominis,
792 1247 973 1280 externos
1003 1241 1119 1292 gladii
1151 1254 1340 1292 excepere
1370 1248 1553 1293 tyrannos

567 1310 770 1349 Vindelici:
804 1315 858 1348 tot
888 1314 1019 1347 nostra
1051 1310 1136 1348 neci
1167 1309 1271 1347 dedit
1302 1308 1394 1347 ultio
1425 1321 1539 1359 reges

568 1379 762 1417 Interiisse
793 1376 925 1421 simul,
959 1382 1051 1427 quot
1082 1389 1159 1414 non
1190 1377 1298 1427 prior
1329 1377 1451 1415 audiit
1481 1382 1582 1414 [etas.

501 1461 549 1484 775
570 1447 783 1484 lndiscreta
814 1444 896 1482 aliis
927 1456 1055 1495 pugna
1090 1449 1164 1487 est,
1199 1444 1276 1482 dux
1307 1445 1389 1495 ipse
1420 1445 1591 1482 minores

568 1513 743 1552 Prtelerit
775 1518 809 1550 et
842 1511 932 1550 solis
964 1512 1087 1550 audax
1121 1524 1160 1549 se
1193 1511 1357 1549 sortibus
1386 1512 1504 1549 infert

568 1581 766 1619 Arminius
798 1578 1016 1629 gaudetque
1050 1590 1162 1629 vagas
1193 1592 1233 1617 se
1267 1579 1415 1617 vindice
1447 1579 1571 1617 caedes

569 1649 763 1698 Sanguine
795 1646 1020 1685 connnixtas
1051 1645 1164 1689 Italo,
1198 1659 1267 1684 sua
1298 1646 1420 1684 libera
1451 1657 1570 1695 regna

300 1830 456 1861 hostium
482 1829 642 1867 veniret,
677 1827 827 1866 evulsit,
863 1836 1051 1866 mersaque
1086 1827 1179 1856 inter
1204 1825 1344 1856 balthei
1370 1826 1424 1856 sui
1450 1825 1612 1856 latebras
1637 1836 1767 1867 gerens
1793 1827 1830 1856 in
1857 1829 2008 1856 eruenta

301 1886 433 1927 palude
458 1885 578 1916 latuit.
626 1884 696 1914 hac
723 1883 827 1914 clade
856 1883 1012 1921 factum,
1040 1886 1078 1912 ut
1105 1882 1294 1923 imperium
1320 1882 1442 1919 Rom„
1469 1882 1561 1923 quod
1587 1883 1624 1912 111
1649 1881 1756 1913 litore
1783 1882 1912 1913 oceani
1937 1892 2008 1913 non

301 1945 465 1979 steterat,
493 1941 529 1971 in
555 1941 633 1981 ripa
652 1939 769 1970 Rheni
795 1939 951 1969 fluminis
977 1942 1105 1969 staret.
1154 1942 1239 1968 tunc
1266 1948 1309 1968 ea
1336 1938 1422 1969 Vari
1449 1938 1552 1969 clade
1579 1938 1655 1969 sive
1681 1938 1757 1968 Titi
1781 1938 1892 1968 Ennii
1918 1949 2007 1979 prze-

300 1998 389 2029 toris
415 1997 525 2032 ccede,
552 1996 696 2037 legione
723 1995 834 2026 ctiam
853 1995 995 2026 Marcia
1021 1995 1155 2025 amissa
1182 1994 1314 2025 civitas
1339 1997 1462 2025 nostra
1486 1992 1707 2036 [Anysbnry]
1731 1993 1923 2035 plurimum
1946 2004 2007 2025 no-

301 2053 465 2092 bilitata,
499 2054 615 2084 forum
647 2051 831 2093 publicum
863 2051 958 2093 apud
990 2061 1054 2082 nos
1080 2049 1273 2081 Perlacum
1306 2061 1326 2081 a
1356 2051 1498 2092 perdita
1532 2050 1677 2092 legione
1715 2047 1743 2091 [2
1769 2051 1818 2081 ica
1842 2051 1906 2081 ἰιιηι
1932 2049 2006 2081 Octo

299 2107 459 2151 Frisz'ny.]
491 2108 764 2151 cognominant,
793 2108 854 2138 ubi
881 2107 1074 2148 aliquando
1101 2107 1314 2147 inscriptum
1340 2106 1408 2137 fuit

568 2165 711 2195 Iudicat
736 2164 795 2195 hic
823 2163 926 2195 collis
952 2164 1151 2195 Romanam
1177 2163 1318 2194 nomine
1346 2162 1487 2194 cladem

657 2221 793 2252 Martia
819 2229 957 2260 quoque
983 2219 1082 2261 legio
1108 2218 1213 2250 simul
1238 2219 1358 2260 periit.

301 2278 515 2319 Ceciditque
543 2289 587 2309 ea
613 2287 734 2319 pugna.
761 2287 839 2307 enm
867 2276 1034 2316 equitatu
1058 2275 1298 2306 Macedonico
1323 2276 1421 2306 Avar
1447 2274 1595 2305 Graecus
1619 2274 1780 2315 Bogudis
1806 2274 1916 2306 filius:
1951 2285 2007 2306 ru-

300 2336 402 2366 sticae
431 2345 473 2365 ex
498 2345 540 2365 eo
567 2334 690 2364 domus
715 2343 786 2364 non
810 2332 917 2373 longe
946 2331 990 2363 ab
1016 2332 1181 2372 Augusta
1207 2331 1325 2362 adhuc
1351 2330 1619 2362 Chrieehsauar
1645 2329 1885 2371 appellantur.

567 2390 650 2420 Hiis
676 2399 806 2420 nomen
830 2389 938 2419 terris
961 2387 1119 2429 Bogudis
1146 2387 1208 2418 dat
1232 2387 1333 2429 regio
1359 2386 1478 2428 proles

663 2445 814 2476 Graecus
839 2444 938 2475 Auar
962 2443 1112 2485 pecudis
1138 2443 1181 2474 de
1207 2442 1336 2474 Suevis
1362 2454 1459 2474 more
1486 2442 1625 2474 litatus.
1675 2447 1737 2473 ele.

300 2504 343 2523 ⁷⁶0
361 2503 586 2544 circunsepte
606 2505 634 2533 1.
661 2501 899 2542 circumsepte
919 2502 952 2530 2.
969 2511 1042 2541 sqq.
1103 2499 1144 2518 ⁷⁶⁷
1170 2497 1274 2540 Lyci]
1302 2497 1383 2537 Qed).
1409 2499 1487 2529 Nisi
1503 2498 1660 2530 vidisses
1677 2498 1877 2530 Huttenum
1898 2499 2008 2530 etiam

300 2560 498 2591 Varianam
526 2558 666 2590 cladem
693 2557 788 2598 apud
812 2557 1013 2597 Augustam
1038 2555 1311 2587 Vindelicorum
1336 2555 1509 2586 Romanis
1534 2555 1709 2586 inflictam
1743 2564 1822 2586 esse
1847 2555 2005 2596 opinari,

301 2616 466 2647 conicias
499 2615 654 2646 fortasse
681 2614 788 2653 Lippi
818 2612 898 2654 (pro
925 2613 1072 2653 anpz'u‚
1098 2610 1210 2652 Qippe)
1237 2610 1466 2642 scribendum
1493 2621 1584 2642 esse.
1651 2610 1745 2650 Quid
1770 2611 1801 2642 si
1824 2611 2008 2642 Huttenus

302 2672 346 2703 ab
367 2671 489 2702 Aenea
508 2670 630 2711 Sylvio
649 2670 833 2709 (German.
854 2680 883 2699 c.
903 2668 970 2708 35.)
997 2667 1195 2709 Moguntiae
1223 2671 1284 2698 aut
1311 2678 1390 2698 cum
1416 2667 1498 2698 aliis
1521 2666 1763 2698 Francofurto
1789 2666 1832 2697 ad
1849 2666 2008 2698 Moenum

301 2727 455 2769 gloriam
487 2727 728 2758 extinctarum
758 2725 943 2765 legionum
968 2724 1081 2755 tribui
1107 2724 1449 2755 animadvertisset?
1483 2723 1702 2754 commodius
1729 2727 1826 2754 certe
1855 2722 2008 2753 carmini

300 2783 390 2814 illud
416 2783 555 2816 fuisset.
602 2783 644 2813 In
668 2782 829 2813 Arminio
849 2780 994 2822 dialogo
1013 2790 1169 2811 errorem
1189 2780 1352 2821 quamvis
1370 2790 1442 2812 non
1460 2780 1640 2821 expressis
1658 2779 1779 2810 verbis
1797 2779 2006 2815 correxerit,

302 2843 425 2870 tamen
456 2849 527 2870 non
558 2838 708 2880 repetiit
739 2838 939 2868 Huttenus:
975 2847 1055 2868 cum
1087 2846 1165 2867 enm
1199 2836 1383 2878 dialogum
1416 2836 1611 2874 scriberet,
1643 2834 1838 2866 Annalium
1869 2835 2007 2876 priores

301 2895 413 2926 libros
439 2895 598 2937 legerat,
628 2894 687 2936 qui
711 2894 867 2925 nondum
892 2893 1073 2934 publicati
1099 2896 1203 2923 erant
1221 2892 1414 2932 (beneficio
1432 2892 1521 2924 furti
1537 2890 1825 2923 Arcimboldiani
1844 2889 2006 2921 Corbeiae

304 2952 499 2991 commissi)
533 2956 693 2992 tempore
719 2951 825 2981 huius
851 2949 1067 2992 panegyrici
1093 2949 1284 2990 conpositi.
1347 2949 1454 2988 Inde,
1483 2958 1563 2979 cum
1587 2947 1704 2988 prima
1730 2946 1842 2978 editio
1869 2946 1912 2977 de
1937 2957 2007 2977 non

305 3006 478 3047 degeneri
503 3010 602 3037 statu
627 3006 887 3038 Germanorum
914 3016 1060 3037 carmen
1084 3015 1117 3037 v.
1136 3004 1190 3036 Gl.
1218 3015 1355 3046 „prope
1381 3015 1465 3036 rura
1489 3004 1595 3036 Lici''
1621 3002 1819 3034 Arminium
1844 3012 2006 3044 pugnare

305 3062 475 3102 fecisset,
503 3062 614 3094 editio
639 3063 687 3094 ΙΙ.
714 3073 746 3094 v.
765 3061 819 3093 60.
838 3062 950 3093 habet
977 3071 1112 3102 „prope
1138 3071 1222 3092 rura
1239 3061 1438 3102 Visurgis”.
1509 3059 1552 3079 ⁷⁷²
1578 3069 1766 3100 excoepere
1785 3060 1860 3089 1.2.
