2081 3517
914 728 976 759 AD

489 794 832 842 GAESAREM
878 794 1396 842 MAXIMILIANVM

674 884 1211 925 Et’IGRAMMATVM

788 966 936 997 LIBER
960 965 1093 997 vuvs.

302 1120 333 1156 1.
806 1123 869 1154 AD
895 1123 1090 1155 LIBRVM.

359 1201 415 1240 Ne
446 1201 560 1252 prodi
592 1200 699 1240 titulo
731 1201 916 1252 ampliore
948 1202 1086 1245 rebus,

357 1270 462 1307 Picta
494 1270 640 1314 fronte,
674 1270 798 1307 nitore
828 1269 1014 1311 liminari,

359 1338 407 1375 Ut
438 1337 544 1375 sallas
576 1336 784 1387 populum,
817 1336 936 1380 liber,
969 1336 1038 1373 sub
1071 1348 1205 1374 auras:

324 1418 338 1441 1
360 1403 500 1442 Multos
531 1404 605 1442 vidi
637 1416 709 1454 ego
741 1404 794 1442 sic
825 1403 1096 1454 superbientes

359 1471 558 1510 Scombris
588 1476 625 1510 et
653 1471 778 1522 piperi
808 1476 916 1521 togas
947 1471 1117 1510 dedisse:

359 1539 429 1578 Exi
459 1538 683 1591 simplic-iter
716 1540 888 1590 citraque
918 1551 1113 1590 pompam.

303 1660 340 1698 2.
872 1664 935 1695 DE
963 1663 1029 1695 SE.

358 1743 521 1781 Francia
555 1744 617 1781 6111
648 1744 771 1793 patria
804 1748 878 1787 est,
912 1742 1078 1792 gelidam
1109 1746 1289 1792 porrecta
1320 1741 1391 1781 sub
1423 1747 1577 1783 areton,

360 1811 674 1862 Hercyniumque
706 1822 862 1856 nemus,
896 1823 970 1861 qua
1002 1810 1127 1849 vitifer
1159 1811 1235 1849 exit
1265 1811 1302 1848 in
1334 1822 1485 1848 amnem

360 1879 515 1929 Mogus,
547 1878 702 1922 Rhene,
734 1883 862 1923 tuum,
896 1890 971 1928 qna
1003 1878 1146 1927 Pagina
1177 1877 1280 1929 sylva
1313 1878 1463 1916 seroces

362 1946 602 1984 Francorum
635 1945 800 1996 populos
831 1947 953 1984 vicino
985 1946 1130 1983 dirimit
1160 1945 1302 1990 Hesso;

327 2027 342 2051 5
364 2014 431 2052 Cui
463 2018 571 2063 pater
602 2013 794 2051 Hnttenus
826 2018 939 2064 atque
972 2013 1106 2052 ordine
1138 2018 1261 2051 mater
1293 2013 1428 2051 eodeni

362 2081 529 2130 Contigit
560 2093 604 2119 ex
637 2081 837 2132 Equitum,
870 2086 995 2119 tractu
1025 2081 1184 2119 tentavit
1213 2081 1250 2118 in
1282 2079 1347 2118 illo

364 2150 557 2188 Caesareas
588 2161 737 2198 pugnas
767 2146 975 2199 peregrino
1006 2147 1221 2186 inscribere
1252 2160 1377 2186 versu.

364 2216 474 2261 Itale,
507 2216 554 2254 da
585 2217 753 2257 veniam.
788 2217 817 2254 si
848 2230 889 2255 se
919 2216 1022 2255 haud
1054 2216 1229 2254 foeliciter
1260 2216 1376 2253 infert

363 2284 537 2323 Cultibus
568 2283 631 2322 ille
662 2285 756 2322 tuis:
791 2289 896 2323 certe
928 2288 1130 2334 acceptum
1160 2284 1243 2335 ipse
1274 2283 1423 2321 tulisset

316 2366 344 2390 10
366 2351 523 2391 Vatibus
554 2352 752 2395 Ausoniis,
786 2352 816 2389 si
848 2364 964 2402 quem
995 2352 1199 2390 meruisset
1229 2351 1434 2389 honorem.

190 2499 217 2531 1.
267 2497 275 2518 ¹
302 2498 464 2530 Trebelii
490 2499 695 2540 Rhagiique
729 2498 928 2540 discipulus
953 2498 1264 2539 hendecasyllaba
1297 2497 1341 2529 ad
1368 2497 1521 2529 frontem
1550 2496 1732 2528 calcemve
1760 2496 1799 2527 11-

96 2555 238 2586 brorum
265 2558 375 2586 amat.
459 2553 472 2573 ²
497 2555 664 2596 Exempli
691 2555 782 2596 quod
808 2555 955 2586 ineunte
984 2565 1016 2586 a.
1038 2554 1133 2586 1519.
1152 2555 1322 2596 Augusta¹
1346 2554 1450 2585 vind.
1470 2553 1620 2595 prodiit,
1648 2553 1747 2584 frons
1773 2562 1801 2584 s.

96 2611 222 2643 titulus
255 2622 287 2653 q.
312 2622 345 2643 v.
372 2610 645 2653 xylographieis
677 2611 914 2651 ornamentis,
956 2622 1027 2642 non
1058 2611 1166 2642 nimis
1198 2611 1419 2649 nitentibus,
1460 2609 1701 2641 circumdatus
1735 2612 1803 2640 est.

98 2666 110 2686 5
128 2668 175 2699 ef.
197 2667 328 2699 Catull.
347 2666 453 2698 XCV.
465 2666 496 2698 8.
516 2667 645 2698 Horat.
667 2668 772 2709 epist.
792 2668 837 2699 II.
861 2667 888 2698 1.
908 2668 930 2699 1.
951 2668 976 2699 f.
996 2667 1156 2699 Martial.
1177 2668 1292 2709 epigr.
1311 2668 1370 2699 IV.
1381 2666 1434 2707 87,
1446 2673 1473 2698 9.
1494 2666 1611 2707 (‚,Nee
1630 2665 1803 2697 scombris

97 2724 239 2755 tunicas
265 2723 369 2755 dabis
386 2722 615 2765 molestas”.)
641 2725 707 2755 III.
726 2723 779 2755 50.
800 2725 901 2756 Pers.
920 2728 988 2756 sat.
1007 2725 1033 2755 Ι.
1054 2724 1107 2756 43.
1127 2723 1351 2764 (‚,seombros
1369 2723 1573 2755 metuentia
1591 2723 1801 2764 carmina”).

97 2779 110 2799 θ
136 2780 229 2811 citra
253 2778 302 2822 p.]
338 2781 408 2811 Pro
441 2780 601 2820 symbolo
633 2780 689 2812 his
720 2781 842 2813 verbis
873 2781 926 2812 uti
951 2781 1133 2812 Huttenus
1164 2784 1291 2822 postea
1324 2780 1431 2812 desiit
1455 2779 1682 2820 „Sinceriter
1709 2780 1804 2811 citra

98 2837 298 2878 pompam''.

188 2892 219 2924 2.
268 2891 281 2912 ²
306 2893 501 2934 Hercyniae
527 2893 630 2925 silvae
661 2896 784 2935 partes
809 2893 842 2926 h.
861 2894 882 2926 1.
903 2895 1014 2925 etiam
1040 2897 1122 2925 sunt
1148 2894 1240 2925 Iflu‘in
1268 2897 1303 2924 et
1328 2893 1514 2934 Spesshart.
1608 2891 1621 2912 3
1646 2889 1803 2935 Pagina]

98 2948 300 2980 Buehonia.
400 2948 413 2968 ⁴
440 2947 596 2992 dirimit]
625 2948 757 2981 dividit
785 2951 944 2982 Clcristz'us
967 2961 1106 2991 propos,
1125 2955 1228 2981 recle.
1306 2949 1318 2968 5
1344 2951 1455 2981 Pater
1478 2949 1650 2981 Ulrichus
1674 2949 1803 2981 Hutte-

99 3014 182 3044 nus,
210 3008 326 3036 mater
351 3004 483 3036 Ottilia
510 3006 553 3037 al)
580 3006 787 3037 Eberstein.
875 3007 887 3026 ⁷
912 3005 1070 3049 pereg1·.j
1098 3007 1242 3037 Latino.
1329 3006 1341 3023 ’²
1367 3006 1530 3037 feliciter
1556 3008 1587 3037 2.
1672 3005 1685 3024 ⁹
1712 3004 1803 3047 ipse]

100 3064 236 3100 auctor,
262 3061 293 3092 si
317 3072 383 3093 sua
409 3063 571 3093 earmina
597 3062 702 3093 laude
730 3063 840 3104 digna
866 3064 1108 3101 invenientur,
1135 3062 1276 3094 Italicis
1302 3063 1419 3104 poetis
1446 3072 1533 3104 quas
1559 3062 1647 3104 ipsis
1672 3062 1806 3093 debeat

100 3117 255 3159 gratias,
281 3117 448 3149 lubenter
474 3119 621 3150 referet.
