2081 3517
237 198 332 244 232
502 216 663 238 HVTTENI
682 214 729 235 AD
747 213 923 235 CAESAREM
940 209 1219 232 MAXlMlLIANVM
1238 207 1528 229 EPIGRAMMATVM
1547 207 1669 228 LIBER.

505 317 648 356 Plaude
680 314 835 365 quidem
868 322 1126 362 pompamque
1158 322 1253 347 nova
1286 308 1494 347 victoribus
1525 305 1624 351 istis,

473 396 487 421 4
621 383 667 420 Et
696 380 872 422 dominos
904 377 1032 417 Gallos
1063 378 1119 415 fer
1151 377 1403 426 dominosque
1435 388 1546 412 voca:

508 450 650 488 Verum
682 447 775 485 alios
806 445 978 482 Francos
1010 443 1082 481 alio
1115 443 1319 482 Germania
1351 441 1487 492 plausu

617 515 699 552 Heu
732 523 867 550 vereor
897 523 946 549 ne
975 515 1012 549 te
1042 522 1118 548 non
1151 510 1329 560 cupiente
1359 507 1474 546 dabit.

427 635 489 673 66.
610 635 674 666 DE
702 633 957 665 CONVENTV
982 631 1275 663 BONONIENSI
1301 631 1362 661 AD
1390 629 1575 661 ITALOS.

509 713 606 759 Quid
630 717 665 750 te
687 711 802 755 adeo,
825 722 949 760 genus
970 723 1059 749 acre
1083 710 1225 754 virum,
1249 709 1340 759 quid
1362 715 1418 753 te,
1442 707 1534 746 Itale
1557 719 1731 758 pugnaX,

620 780 668 817 Hi
699 778 839 828 passim
872 776 1030 827 plausus
1060 778 1208 826 istaque
1240 788 1382 826 pompa
1415 776 1565 814 iuvant?

509 847 593 886 Non
626 857 792 895 quorum
825 844 995 894 adspirat
1026 845 1150 893 primo
1182 844 1334 881 fortuna
1365 842 1489 880 labori

474 927 489 952 4
622 913 815 950 Continuo
845 911 976 949 invicti
1006 910 1160 948 roboris
1192 922 1274 948 esse
1306 914 1409 959 puta.

508 980 686 1028 Fregerit
715 977 906 1017 Helvetias
937 979 1131 1017 Germano
1163 976 1282 1014 milite
1316 977 1413 1013 vires

622 1045 771 1089 Gallus,
805 1044 851 1083 ab
884 1045 1044 1094 imperio
1077 1044 1217 1082 Sfortia
1250 1043 1457 1085 deciderit;

508 1114 576 1152 Ast
606 1125 677 1163 ego
708 1113 856 1150 venturi
889 1116 991 1149 vates
1022 1123 1107 1153 ero,
1141 1110 1286 1149 credite
1320 1110 1410 1147 vati:

476 1195 491 1220 s
626 1180 720 1219 Cum
753 1180 880 1217 veniet
911 1179 1057 1222 Caesar,
1090 1178 1216 1215 omnia
1248 1177 1374 1215 Caesar
1407 1181 1532 1214 eruut..

429 1302 489 1340 67.
931 1302 996 1332 DE
1023 1300 1262 1331 FORTVNA.

512 1382 595 1420 Huc
626 1393 748 1424 nunc,
782 1380 858 1419 buc
889 1379 1022 1418 oculos
1054 1381 1290 1429 patentiores

512 1449 558 1487 Et
588 1449 728 1487 mentis
759 1459 874 1497 grave
905 1447 1073 1495 dirigant
1103 1458 1266 1484 acumen

510 1515 636 1565 Reges
667 1520 704 1553 et
733 1514 866 1565 populi
898 1514 1094 1563 (lucesque
1126 1525 1278 1551 rerum:

513 1583 606 1621 Cum
639 1581 755 1621 Gallis
787 1581 953 1619 Venetos
984 1579 1254 1629 superbientes

479 1663 494 1687 5
516 1650 656 1688 Contra
691 1661 767 1687 nou
801 1647 894 1686 nihil
925 1646 1134 1686 insolenter
1166 1658 1280 1684 ausos

514 1716 740 1765 Oblitosque
771 1717 830 1754 sui
861 1727 1016 1765 suaeque
1049 1714 1162 1751 sortis

514 1783 611 1821 Vicit
642 1783 769 1821 Caesar
801 1788 837 1821 et
868 1782 914 1820 ad
946 1780 1040 1819 nibil
1071 1780 1232 1829 redegit.

513 1851 606 1896 Quis
637 1862 741 1888 nunc
773 1850 951 1887 fortuitos
982 1849 1163 1897 opinione

512 1916 802 1967 Amplexabitur
835 1916 957 1954 exitus
988 1916 1163 1965 sequaci,

466 1998 495 2023 ιο
518 1987 591 2023 Aut
622 1983 725 2033 quod
758 1995 842 2021 sors
875 1983 1023 2021 dederit
1053 1987 1182 2020 ratum
1215 1981 1387 2031 putabit?

514 2051 606 2096 Quis
638 2063 741 2089 nunc
773 2051 918 2088 divitias
950 2050 1239 2100 potentiamque

514 2118 561 2157 [t
593 2123 741 2156 certum
774 2119 889 2162 seret,
923 2122 963 2155 ut
994 2129 1185 2167 suumque
1217 2116 1357 2155 ducet?

514 2186 696 2224 Fortunae
728 2197 845 2235 vagus
877 2190 934 2224 est
964 2184 1137 2234 levisque
1169 2189 1304 2226 nutus,

514 2253 692 2291 Incertus
723 2253 828 2291 favor
861 2257 898 2290 et
928 2258 1022 2289 rotae
1053 2252 1214 2289 minacis

336 2443 390 2475 65.
433 2442 445 2462 ⁵
472 2441 576 2485 alios]
604 2453 675 2473 non
702 2442 926 2484 Sequanicos
952 2442 1015 2473 sed
1042 2441 1240 2474 orientales
1268 2452 1284 2472 e
1312 2441 1518 2472 Franconia
1547 2440 1771 2477 Germaniae,
1806 2439 1959 2470 Hutteni

246 2500 377 2542 patria.
449 2499 461 2518 ⁶
487 2499 600 2531 dabit.
620 2509 740 2530 omnes.
768 2499 814 2529 cf.
836 2500 948 2541 epigr.
968 2496 1021 2530 63.
1043 2508 1075 2529 v.
1095 2498 1125 2530 4.
1153 2497 1279 2538 (pellet
1303 2508 1365 2537 pro
1393 2497 1533 2538 pellat.)

337 2555 390 2587 66.
433 2557 475 2587 In
500 2555 612 2592 X1.‚2.
634 2555 696 2594 (cf.
718 2555 763 2586 ad
789 2555 902 2596 epigr.
923 2553 977 2585 65.
998 2554 1135 2593 adnot.)
1163 2553 1393 2584 inscribitur:
1422 2554 1475 2584 De
1502 2553 1638 2584 Eodem
1664 2550 1852 2593 [Conventa
1873 2552 1961 2583 Galli

249 2616 280 2643 ec
306 2609 451 2653 Leonis]
476 2611 529 2642 Ad
556 2603 679 2642 l'talos.
758 2609 771 2629 ³
798 2612 937 2652 aspirat
962 2613 992 2641 1.
1079 2610 1091 2629 ⁶
1118 2610 1174 2640 Cf.
1195 2610 1308 2650 epigr.
1328 2608 1381 2640 94.
1403 2614 1437 2639 et
1465 2609 1509 2640 ad
1537 2619 1611 2649 seq.
1633 2608 1747 2650 epigr.
1770 2608 1957 2639 adnotata.

201 2656 209 2665 .
338 2667 392 2699 67.
433 2669 522 2699 Post
555 2667 671 2699 foedus
704 2667 801 2698 inter
828 2667 952 2698 Gallos
979 2667 1208 2707 Venetosque
1242 2666 1285 2696 de
1320 2665 1534 2707 reparandis
1566 2664 1706 2696 damnis
1733 2667 1959 2695 contractum

250 2724 315 2762 illi,
344 2734 492 2765 quorum
517 2734 640 2765 regem
667 2723 780 2755 Iulius
798 2724 838 2754 P.
857 2723 917 2760 M„
943 2733 1014 2754 non
1040 2723 1092 2753 ita
1118 2722 1224 2764 longe
1252 2726 1331 2764 post
1358 2722 1557 2759 decedens,
1593 2721 1773 2762 dignitate
1799 2730 1864 2751 sua
1890 2720 1959 2761 pri-

250 2784 373 2812 vatum
399 2779 672 2818 declaraverat,
709 2781 911 2811 exercitum
937 2788 1067 2810 novum
1096 2778 1140 2809 ad
1166 2778 1453 2819 recuperandum
1478 2777 1654 2808 Insubriae
1681 2777 1871 2818 imperium
1896 2776 1960 2807 mi-

251 2840 384 2868 serunt.
434 2835 679 2867 Mediolanum
712 2839 748 2867 et
779 2835 962 2877 pleraeque
996 2835 1148 2866 ducatus
1181 2834 1290 2865 urbes
1317 2834 1432 2865 Gallis
1466 2833 1712 2871 accedebant,
1747 2833 1806 2873 qui
1838 2835 1961 2863 tamen

250 2892 309 2923 die
335 2891 365 2923 6.
386 2892 482 2923 Iunii
508 2903 539 2923 a.
564 2891 657 2924 1513.
685 2891 731 2922 ad
755 2892 952 2922 Novariam
979 2891 1023 2922 ab
1049 2890 1215 2922 Helvetis
1241 2890 1493 2920 Maximiliano
1519 2889 1665 2921 Sfortiae
1697 2888 1959 2919 accedentibus

250 2948 341 2979 victi
366 2947 679 2979 Mediolanensem
706 2947 875 2979 ducatum
902 2951 942 2978 ut
967 2946 1215 2988 relinquerent
1240 2946 1369 2977 iterum
1397 2946 1542 2977 fuerunt
1574 2945 1706 2977 coacti.
1756 2944 1954 2975 Continua-

249 3003 356 3034 batur
381 3004 492 3034 etiam
518 3003 650 3035 bellum
675 3004 772 3035 inter
790 3004 1045 3045 imperatorem
1064 3007 1100 3034 et
1118 3003 1276 3033 Venetos
1296 3006 1331 3033 et
1348 3002 1504 3033 Patavio
1522 3001 1610 3032 licet
1627 3001 1764 3032 frustra
1782 3003 1961 3042 temptato

251 3059 288 3089 hi
313 3059 416 3090 nonis
444 3059 662 3091 Octobribus
682 3059 728 3090 ad
751 3059 986 3090 Vincentiam
1014 3059 1112 3089 caesi.
1141 3058 1256 3089 Struv.
1279 3059 1315 3089 in
1340 3058 1486 3089 Maxim.
1508 3058 1534 3088 Ι.
1556 3059 1585 3096 ξ.
1609 3067 1666 3088 xt..
