2081 3517
403 234 564 256 HVTTENI
584 236 630 257 AD
649 238 825 260 CAESAREM
844 240 1124 266 MAXIMILIANVM
1142 244 1436 269 EPIGRAMMATVM
1455 249 1577 273 LIBER.

318 331 378 369 79.

1746 234 1840 279 237

688 340 752 370 DE
782 341 941 373 GALLO
967 344 1030 374 AD
1057 345 1285 384 AQVILAM.

396 413 625 453 Ambitionis
657 428 791 466 agrum
825 420 1156 461 circumvolitabat
1185 430 1362 474 apertum

510 480 658 525 Gallus,
692 489 733 521 ut
762 485 852 523 hinc
883 487 992 524 avido
1024 496 1203 540 carperet
1234 504 1304 531 ore
1333 493 1483 537 eilmm;

395 546 479 583 Visa
514 553 570 585 est
600 549 751 599 imperii
783 553 932 600 speeies
965 556 1072 604 quasi
1103 569 1196 607 rege
1227 562 1418 603 vacantis,

361 625 375 648 4

511 613 651 652 invasit
680 618 769 654 totis
801 619 945 657 viribus
976 622 1100 672 impar
1132 636 1248 669 onuS,

394 678 503 716 Nunc
536 681 648 719 etiam
681 685 840 722 attendit
872 693 1040 727 mentem
1074 695 1109 727 et
1141 692 1287 730 defixus
1318 695 1481 733 inhieret,

503 747 549 784 Et
580 749 715 787 studiis
746 763 917 791 summas
949 756 1127 794 omnihus
1160 759 1276 797 amhit
1309 773 1413 811 opes

390 812 526 857 Recte,
560 814 677 854 hahet
708 817 925 866 ingenium:
958 826 998 860 tu
1030 825 1142 873 quid,
1178 828 1307 875 regina
1342 828 1561 873 volucrum,

355 895 370 916 S

296 997 361 1035 80.

505 880 589 919 Non
622 882 696 921 hoc
727 897 811 923 esse
844 891 973 933 tuum,
1006 891 1107 939 quod
1142 895 1237 942 rapit
1271 894 1352 938 ille,
1386 896 1525 935 doces?

825 1009 887 1039 Al)
917 1012 1126 1044 GALLVM.

390 1079 472 1124 Quo
498 1082 586 1125 tihi,
620 1084 745 1129 Galle,
779 1099 887 1125 amor
910 1089 970 1126 hic
993 1093 1180 1140 regnandi
1202 1098 1315 1144 atque
1337 1096 1406 1134 ista
1431 1100 1569 1148 cupido
1582 1101 1595 1137 ἶ)

496 1149 595 1194 Quin
627 1151 832 1191 moderare
863 1156 980 1193 animi
1012 1164 1094 1196 vota
1126 1164 1311 1211 tenesque
1343 1165 1517 1203 modum!

384 1213 467 1252 Non
499 1221 630 1265 poteS,
664 1223 706 1255 ut
737 1221 887 1269 cupias,
920 1223 1096 1273 Aquilam
1129 1239 1317 1276 superare
1348 1230 1532 1277 volando,

347 1293 361 1317 4

496 1281 846 1337 Quantumcunque
874 1289 952 1328 alas
984 1293 1187 1331 contrahat
1217 1294 1278 1333 illa
1310 1308 1409 1335 suas.

381 1348 491 1398 Saepe
523 1362 651 1388 moras
682 1354 837 1401 patitur,
872 1367 976 1404 quze,
1010 1371 1096 1396 cum
1121 1372 1333 1411 properare
1356 1377 1514 1405 necesse
1540 1375 1597 1405 est

491 1416 615 1456 Tarde
647 1417 759 1457 aheat
791 1433 1031 1472 quanquam,
1065 1428 1225 1465 vertitur
1256 1436 1343 1468 antc
1376 1437 1521 1476 tamem

377 1482 530 1521 Scilicet
561 1489 601 1522 ut
630 1487 754 1535 possis
784 1488 878 1526 alios
909 1491 959 1528 ita
995 1493 1145 1532 vincere
1176 1495 1294 1545 gallos

343 1564 356 1583 χ

491 1551 536 1588 Et
567 1554 719 1601 generis
753 1554 925 1593 volui-res
957 1559 1066 1596 istius
1097 1566 1184 1599 ante
1217 1562 1337 1607 voles,

377 1617 516 1655 Contra
549 1619 725 1669 Aquilam
758 1622 851 1660 nihil
884 1629 940 1662 est
972 1638 1047 1674 quo
1081 1631 1118 1665 tu
1150 1632 1337 1668 merearis
1369 1632 1537 1675 honore.

486 1685 530 1723 Ut
561 1685 651 1724 folio
684 1688 814 1738 cingas
845 1690 902 1729 vel
934 1691 1111 1733 breviore
1143 1702 1278 1745 caput:

373 1750 446 1788 Par
477 1752 622 1802 Aquila}
654 1754 737 1793 fieri
770 1756 957 1807 despera,
992 1761 1093 1800 haud
1130 1764 1280 1803 xincere
1312 1771 1477 1811 tantum,

324 1829 354 1854 12

291 1936 346 1973 81.

490 1819 616 1870 Usque
649 1821 744 1860 adeo
776 1836 923 1873 pennas
955 1830 1069 1867 anteit
1104 1829 1164 1868 illa
1198 1837 1293 1870 tuas.

649 1946 712 1976 AD
741 1949 939 1980 GALLVM
966 1952 1027 1982 l)l·]
1057 1953 1267 1986 CAESARE.

369 2019 453 2064 Quo
485 2023 531 2059 sit
562 2028 693 2062 nostra
725 2025 809 2063 loeo
841 2040 921 2072 reS,
955 2029 1080 2071 Galle,
1115 2033 1249 2071 audire
1280 2034 1457 2074 laboras?

479 2089 597 2128 Recte
628 2091 744 2130 habet
775 2099 811 2132 et
842 2095 992 2144 placido
1025 2104 1081 2136 est
1111 2103 1187 2137 tota
1221 2103 1346 2151 quieta
1379 2109 1490 2143 statu.

366 2154 462 2199 Quid
496 2156 608 2194 faciat
639 2158 788 2198 Cz‘esar'f
820 2161 903 2200 Tihi
937 2169 1080 2203 tantum
1113 2167 1310 2213 irascitur,
1344 2171 1422 2212 aio,

331 2233 344 2257 4

479 2224 602 2273 Atque
635 2238 754 2265 unum
787 2228 823 2266 id
856 2231 1016 2279 patitur,
1051 2239 1189 2272 caetera
1222 2234 1330 2274 laetus
1362 2240 1458 2288 agit3

365 2288 457 2327 Lilia
493 2291 576 2339 plus
606 2304 715 2343 {equo
750 2299 809 2332 tua
843 2308 981 2348 nempe
1015 2313 1243 2341 excrescere
1277 2305 1366 2342 vidit

477 2356 608 2408 Teque
640 2359 697 2398 ala
730 2363 892 2401 nimium
925 2364 1141 2407 luxuriante
1174 2369 1276 2408 vehi:

364 2422 534 2463 Proinde
566 2427 655 2475 quid
689 2441 708 2467 e
741 2429 831 2467 solio
863 2431 1074 2483 decerpere
1107 2437 1248 2485 cogitat
1280 2438 1363 2483 illo,

327 2502 342 2526 S

275 2607 336 2645 82.

476 2491 599 2536 Quem
632 2499 667 2533 te
699 2497 798 2535 intra
831 2503 982 2545 teneas,
1016 2505 1300 2554 constituetque
1334 2508 1503 2547 modum.

651 2618 714 2649 AD
741 2620 959 2659 AQVILAM
983 2625 1048 2656 DE
1075 2626 1247 2658 GALLO.

361 2690 494 2731 Cernis
525 2699 567 2732 ut
597 2695 781 2736 Insubres
811 2701 989 2751 migrarit
1020 2704 1151 2743 Gallus
1181 2706 1218 2743 in
1252 2706 1386 2752 urheS,

176 2923 230 2955 80.
271 2924 283 2944 ⁴
309 2926 371 2958 ille
398 2929 429 2958 4.

86 2981 165 3010 turo
192 2980 289 3012 folio.

470 2761 518 2799 Ut
546 2761 804 2804 Mediolanum
834 2770 1107 2821 possideatque
1137 2774 1271 2811 tuum?

503 2928 529 2948 ¹⁰
555 2930 613 2961 vel
631 2931 809 2976 breviore]
844 2938 913 2967 etsi
940 2938 1083 2970 brevius
1109 2944 1247 2972 tantum
1274 2946 1413 2984 tempus
1441 2955 1545 2986 quam
1572 2947 1664 2980 lauri
1691 2950 1794 2982 ‹Iura-

175 3034 229 3066 81.
273 3037 412 3078 Epz'ffl‘r.
433 3042 553 3072 31.82.
574 3046 664 3075 omis.
685 3047 718 3076 3.
791 3045 803 3065 ⁴
830 3047 935 3081 loetus
963 3053 991 3081 1.
1065 3050 1076 3069 5
1102 3052 1216 3091 videt,
1247 3056 1366 3086 2.3.4.

178 3090 231 3122 82.
274 3091 282 3112 ¹
311 3094 494 3138 hisubres]
521 3097 826 3134 Mediolanenses.
856 3105 909 3135 De
935 3108 1051 3146 prima
1079 3108 1164 3138 anni
1185 3108 1280 3142 1512.
1299 3116 1400 3152 parte
1427 3123 1544 3146 sermo
1573 3119 1640 3147 est.
