2081 3517
807 677 1084 716 ORATIO.

205 792 308 827 Bene
332 802 377 826 ac
407 791 569 837 reliqiose
593 791 765 838 fecissent
803 791 1011 835 Veneciani‚
1041 791 1295 827 Maximiliane
1322 791 1496 839 Auquste‚
1535 793 1568 827 si
1595 797 1680 838 post
1706 794 1795 828 mul·
1809 797 1866 828 §.1-

93 852 150 883 tas
177 849 331 883 civitates
359 858 404 882 ac
431 848 611 893 reqiones,
651 857 742 894 quas
775 852 840 882 aut
868 848 1082 883 Christianis
1111 849 1344 892 ademerunt,
1381 853 1444 884 aut
1470 850 1542 895 ipsi
1571 849 1701 884 Turcis
1726 859 1797 895 per

89 906 276 950 pactiones
298 904 528 939 tradiderunt
553 908 617 939 aut
635 914 818 950 occupare
834 906 1089 949 permiserunt,
1118 906 1381 940 sanctissimam
1408 905 1669 951 expeditionem
1693 910 1796 952 quat-

65 966 174 998 5tuor
211 960 495 996 Christianorum
528 961 737 1007 principum
771 962 807 995 in
848 961 1030 995 excidium
1064 961 1096 996 T
1094 971 1195 996 urcce
1230 963 1346 1007 qentis
1377 966 1554 1007 paratam
1593 972 1798 997 excurrere

86 1018 196 1063 passi
226 1016 404 1063 fuissent:
440 1016 508 1053 hoc
546 1018 638 1052 enim
661 1021 771 1063 pacto
803 1021 836 1051 et
865 1017 1087 1052 abolitionem
1117 1022 1271 1052 veterum
1297 1022 1532 1064 peccatorum
1564 1029 1586 1052 a
1617 1018 1681 1053 deo
1707 1029 1797 1064 pro-

94 1074 228 1108 mereri
255 1077 288 1108 et
310 1073 460 1108 solidam
485 1075 642 1119 qratiam
673 1085 695 1108 a
721 1073 948 1119 principibus
978 1073 1262 1120 Christianisque
1291 1074 1451 1109 omnibus
1479 1075 1572 1109 inire
1600 1078 1634 1109 et
1662 1075 1797 1109 indele-

93 1129 179 1164 biles
205 1130 373 1165 victorias
403 1139 452 1165 ex
476 1129 574 1164 hoste
599 1128 746 1176 referre
767 1131 990 1175 potuissent:
1019 1140 1117 1165 nunc
1146 1135 1283 1175 autem,
1314 1141 1417 1176 quom
1439 1129 1662 1166 Christianos
1690 1140 1797 1166 exer-

94 1186 182 1220 citus
214 1186 250 1220 in
284 1185 425 1220 Turcas
461 1186 512 1220 ad
548 1190 684 1221 terram
718 1190 881 1221 sanctam
911 1185 1138 1221 Hierusalem
1168 1187 1446 1233 proqredientes
1483 1188 1596 1221 armis
1625 1186 1799 1233 impedire

52 1251 81 1277 10
95 1242 305 1284 maluerint,
334 1242 432 1287 diqni
454 1243 521 1278 visi
541 1246 624 1277 sunt
652 1243 714 1288 qui
741 1254 762 1277 a
794 1242 859 1277 a'eo
890 1247 923 1277 et
951 1242 995 1276 ab
1023 1242 1240 1285 hominibus,
1270 1243 1332 1289 qui
1357 1242 1464 1289 ferro
1489 1246 1522 1277 et
1545 1243 1707 1288 flamma,
1738 1244 1799 1289 qui

93 1303 194 1333 terra
223 1298 390 1344 marique
414 1298 684 1344 disper-quatur.
746 1299 824 1344 qu
862 1304 977 1333 autem
1012 1299 1074 1344 qui
1109 1299 1159 1332 ad
1187 1299 1349 1345 aqendas
1376 1300 1516 1345 qratias
1545 1299 1586 1334 ob
1616 1309 1676 1334 res
1702 1299 1795 1345 foeli-
1811 1300 1866 1332 Μ.

92 1355 179 1389 citer
200 1358 338 1400 qestas,
380 1354 430 1389 ad
457 1354 694 1389 celebrandas
723 1359 863 1390 vestras
894 1356 1060 1389 victorias
1089 1358 1294 1400 vestrosque
1325 1354 1524 1400 triumphos
1561 1365 1616 1390 me
1644 1366 1797 1401 praepa-

92 1410 239 1454 rabam,
270 1411 332 1457 qui
355 1411 482 1445 multos
512 1410 727 1456 defendere,
768 1411 901 1446 taedere
927 1411 1103 1445 neminem
1134 1412 1319 1454 consuevi,
1359 1412 1393 1445 in
1425 1411 1493 1445 lzas
1523 1412 1710 1457 cnequstias
1737 1412 1799 1446 de-

92 1467 220 1502 ductus
253 1477 351 1510 sum,
392 1471 430 1502 ut
457 1471 522 1502 aut
552 1467 596 1501 ab
628 1467 750 1513 officio
786 1463 971 1513 leqationis
1006 1467 1092 1502 milii
1120 1468 1166 1501 sit
1189 1467 1447 1508 recedendum,
1485 1471 1548 1502 aut
1584 1467 1628 1502 de
1663 1468 1798 1513 impro—

50 1534 80 1559 15
96 1523 278 1567 bitatibus,
322 1523 366 1558 de
411 1523 520 1566 dolis,
566 1523 608 1558 de
646 1525 877 1559 malemeritis
924 1523 1137 1558 Venetorum
1182 1524 1387 1558 necessario
1436 1534 1507 1558 non
1550 1525 1628 1558 sine
1669 1535 1799 1570 maqno

92 1580 216 1615 dolore
247 1579 335 1614 milzi
366 1580 414 1614 sit
447 1579 648 1615 dicendum.
708 1581 807 1626 quod
844 1582 878 1614 si
912 1581 1118 1626 aliquorum
1157 1589 1267 1614 aures
1305 1579 1560 1625 offenduntur,
1600 1579 1730 1614 debetis
1764 1580 1801 1614 id

91 1636 294 1671 necessitati
335 1637 504 1681 temporis
542 1647 586 1671 ac
629 1638 842 1683 maliqnitati
880 1637 1043 1679 illorum,
1090 1647 1161 1671 non
1206 1646 1294 1670 meoe
1338 1637 1587 1671 consuetudini
1631 1636 1799 1671 tribuere.

90 1703 309 1739 quamquam
354 1692 476 1727 videor
514 1694 550 1727 in
579 1696 765 1739 proposito
804 1692 1026 1739 defensionis
1069 1702 1190 1738 prope
1233 1692 1374 1727 modum
1408 1702 1675 1738 perseverare:
1715 1704 1800 1727 nam

91 1760 195 1796 quom
231 1747 382 1784 Venetos
425 1759 578 1794 accuso,
625 1749 779 1796 defendo
823 1750 980 1794 infinitos
1018 1750 1211 1791 mortales,
1256 1748 1403 1783 Italiam
1449 1752 1556 1784 totam
1601 1750 1802 1796 multasque

46 1815 79 1840 20
92 1806 184 1840 alias
214 1806 443 1851 provincias,
485 1817 507 1840 a
544 1817 696 1852 quorum
732 1806 906 1853 faucibus
944 1807 978 1840 in
1015 1806 1211 1841 libertatem
1252 1806 1466 1840 revocandce
1502 1809 1586 1840 sunt
1597 1821 1609 1845 ,·
1643 1805 1800 1852 defendo

92 1861 316 1898 Christianos
346 1862 553 1903 orientaleS,
587 1873 675 1908 quos
707 1863 757 1897 acl
784 1873 914 1897 manus
948 1862 979 1896 T
979 1873 1155 1897 urcarum
1179 1863 1374 1907 pervenire
1404 1872 1448 1896 ac
1475 1862 1510 1896 in
1540 1872 1672 1897 morem
1702 1863 1799 1897 victi-

92 1929 236 1953 marum
267 1922 431 1953 mactare
455 1920 685 1964 permittunt;
715 1918 869 1965 defendo
900 1919 1088 1954 ecclesiam
1120 1918 1346 1961 Romanam,
1380 1918 1431 1952 ad
1457 1929 1565 1964 quam
1593 1919 1798 1953 subverten-

91 1975 193 2015 dam,
227 1978 267 2009 ut
294 1975 365 2020 ipsi
386 1983 457 2008 sua
488 1975 667 2010 desideria
694 1980 982 2021 consequantur,
1020 1984 1152 2010 vocare
1183 1974 1327 2010 Turcas
1361 1978 1394 2009 et
1423 1976 1531 2020 quasi
1551 1985 1682 2009 manus
1705 1986 1797 2020 por-

91 2032 210 2077 riqere
248 2031 425 2067 videntur.
484 2030 608 2074 Quare
639 2043 744 2078 quom
783 2032 860 2066 (lico
897 2035 1024 2066 contra
1064 2030 1233 2073 Venetos,
1277 2031 1382 2065 nolite
1420 2040 1474 2065 me
1502 2036 1639 2076 putare
1669 2035 1796 2065 contra
1811 2037 1870 2069 §.3.

48 2098 80 2122 25
104 2087 272 2129 Venetos,
309 2087 375 2121 sed
402 2092 529 2122 contra
563 2088 705 2123 Turcas
739 2088 879 2126 dicere,·
918 2097 1032 2134 neque
1063 2087 1105 2122 de
1133 2087 1220 2122 betto
1260 2087 1399 2122 Venetis
1422 2087 1630 2132 inserendo,
1663 2087 1728 2122 sect
1757 2087 1800 2121 de

93 2143 180 2179 bello
218 2155 240 2178 a
271 2143 485 2179 Christianis
513 2145 793 2190 propulsando;
828 2153 943 2190 neque
981 2144 1024 2179 de
1061 2144 1201 2178 excidio
1237 2143 1471 2188 Venetorum,
1511 2143 1575 2178 sed
1609 2144 1653 2178 de
1685 2144 1800 2178 salute

92 2199 377 2236 Christianorum
402 2201 510 2235 verba
534 2200 677 2246 facere.
738 2201 812 2236 Secl
837 2201 1003 2247 quoniam
1025 2201 1210 2235 maiestate
1229 2200 1338 2234 vestri
1358 2199 1520 2235 Ccesarei
1538 2204 1748 2245 conspectus
1768 2204 1801 2234 et

91 2259 190 2291 tanta
214 2256 447 2302 Pontificum,
481 2257 715 2303 Principum,
753 2257 917 2301 Ducum,
957 2257 1175 2298 Procerum,
1213 2257 1389 2291 civitatum
1414 2255 1623 2302 frequentia
1651 2256 1797 2301 amplis—

91 2314 172 2348 simi
198 2313 355 2355 ordinis,
384 2313 587 2348 celebritate
616 2315 702 2357 loci,
733 2314 976 2360 maqnitudine
1003 2323 1145 2356 causce,
1174 2313 1308 2359 inqenii
1333 2313 1367 2347 si
1395 2312 1482 2358 quid
1506 2313 1541 2346 in
1570 2323 1625 2347 me
1654 2316 1707 2348 est
1735 2313 1798 2346 im-

46 2378 79 2404 30
92 2369 260 2404 beciltitas
295 2370 456 2404 maxime
494 2370 715 2413 debilitatur,
754 2371 1023 2405 clementissime
1054 2370 1197 2413 Ccesar,
1234 2370 1271 2403 in
1307 2372 1423 2403 vestro
1453 2369 1567 2409 vultu,
1605 2370 1640 2403 in
1672 2369 1798 2404 vestris

90 2426 222 2468 ocutis,
255 2426 290 2460 in
319 2429 438 2460 vestra
467 2426 688 2462 humanitate
712 2432 818 2473 atque
848 2426 1060 2473 beniqnitate
1090 2430 1182 2461 totus
1211 2426 1419 2471 acquiesco,
1449 2434 1618 2476 recreor,
1651 2424 1793 2470 refocil—

91 2483 158 2516 lor.
217 2481 445 2517 Multitudine
480 2484 587 2528 iqitur
626 2494 670 2518 ac
704 2484 878 2519 varietate
915 2493 1039 2518 rerum
1076 2482 1225 2518 obrutus
1253 2482 1362 2516 multa
1394 2481 1553 2516 consulto
1575 2482 1795 2527 proeternzit-

92 2543 182 2573 tam:
210 2539 318 2572 multa
342 2540 447 2573 etiam
477 2544 575 2583 sunt,
604 2551 685 2586 quse
713 2551 932 2586 quamquam
958 2539 1120 2574 omnibus
1145 2544 1227 2574 nota
1258 2543 1361 2581 sunt,
1393 2549 1415 2572 a
1449 2547 1505 2572 me
1532 2542 1649 2572 tamen
1678 2539 1714 2571 in
1744 2537 1798 2571 di-

90 2595 201 2630 cendo
227 2595 492 2640 prcetereunda
523 2607 594 2631 non
622 2600 719 2630 sunt.
779 2607 860 2642 quse
884 2598 1003 2631 omnia
1029 2597 1113 2631 dum
1146 2596 1299 2631 breviter
1328 2604 1489 2642 expono,
1529 2594 1799 2640 benignissimas

45 2660 79 2685 35
93 2661 204 2686 aures
229 2651 415 2697 diliqenter
443 2652 722 2687 accommodate.

839 2751 1042 2789 Narratio.

203 2840 358 2877 Senatus
387 2841 493 2888 iyitur
526 2841 742 2878 Venetianus
772 2854 875 2888 quom
907 2843 1122 2878 decrevisset
1145 2843 1241 2877 omni
1264 2843 1400 2877 scelere
1428 2843 1584 2876 retinere
1608 2840 1704 2886 quod
1717 2850 1791 2886 per
1807 2842 1865 2874 §.⁴-

89 2909 267 2933 summum
290 2897 399 2944 nefas
424 2899 660 2944 acquisierat,
699 2903 732 2933 et
757 2910 860 2945 quom
893 2904 990 2934 certo
1013 2900 1122 2934 sciret
1149 2902 1305 2934 vestram
1333 2898 1537 2933 Coesaream
1574 2897 1798 2932 Maiestatem

179 2995 193 3016 ²
225 2996 313 3028 relio
346 2997 379 3028 se
408 2999 436 3028 1.
532 2995 597 3016 ¹¹·12
630 2995 790 3042 fe‘liciter
815 2998 846 3027 1.
878 3002 912 3028 ut
943 3008 1035 3038 ssepe
1061 3008 1080 3038 q
1108 3007 1173 3037 pro
1201 3007 1254 3027 oe.
1348 2994 1377 3014 ²5
1402 2996 1552 3027 Rectius
1585 2995 1798 3026 invertisset

92 3052 299 3084 consilium:
337 3063 421 3084 nam
452 3063 517 3094 per
548 3052 775 3084 mendacium
806 3063 876 3084 non
908 3063 978 3084 uno
1010 3052 1088 3084 loco
1121 3052 1259 3084 Turcas
1292 3051 1380 3083 dicit
1415 3051 1477 3083 ubi
1510 3052 1670 3082 Venetos
1707 3051 1795 3082 vult..

89 3108 118 3128 ²⁷
145 3106 199 3150 qni
222 3110 252 3139 1.
280 3118 385 3150 quum
411 3110 443 3139 2.
512 3108 539 3128 ²⁹
565 3108 789 3150 magitudine
816 3110 846 3139 1.
