2081 3517
600 224 773 246 LVDOVICI
794 225 946 247 HELIANI
967 227 1125 248 VENATIO
1146 228 1302 249 LEONVM.

366 326 553 370 Quondam
579 328 703 374 fracta
735 334 848 365 movet
875 331 940 366 sub
970 335 1001 366 te
1031 336 1089 367 tua
1117 332 1235 368 Roma
1264 334 1418 370 lacertos

470 384 518 418 Et
544 388 698 420 veterum
728 388 883 421 meminit
908 387 1019 432 fortia
1048 388 1150 434 faeta
1179 389 1326 433 ducum,

361 439 409 473 Et
437 445 553 485 stupet
580 442 737 476 insolitos
764 453 834 477 non
861 444 896 476 in
918 443 1014 478 Iovis
1035 445 1088 479 ire
1113 445 1328 491 triumphos,

292 504 342 529 240
473 497 530 530 Ad
567 497 735 532 Vaticani
761 499 825 532 sed
848 499 913 543 pia
942 501 1071 545 tempta
1102 501 1168 536 dei.

361 551 435 586 Nee
466 562 548 587 vero
575 554 646 586 iam
677 557 725 595 te,
759 554 883 589 Ccesar
912 558 1161 602 memorande,
1188 559 1312 602 silebO,

473 607 541 650 Oui
565 608 731 643 Rlu’num
756 610 790 643 in
832 610 980 646 Venetos
1003 611 1276 660 Danubiumque
1302 616 1435 658 truliis,

361 663 467 699 Cuius
498 665 532 698 in
564 665 757 710 Euganeos
785 666 963 701 Patavina
995 669 1044 702 ad
1066 671 1194 704 moenia
1219 682 1367 718 campos

293 729 341 754 241
474 721 613 765 Alpinis
637 721 802 766 fluvitant
835 723 996 758 omnibus
1027 736 1133 759 arma
1161 727 1271 773 777973,-

356 776 431 810 Nee
462 776 680 811 Tartesiacis
705 777 840 812 ducens
866 784 1038 825 7697777707Ί
1068 781 1113 815 ab
1142 784 1216 817 oris

475 832 590 878 Usque
619 844 641 867 77
674 832 887 869 Cantabrico
916 836 1074 871 carbasa
1104 839 1196 873 mitte
1221 841 1320 883 sinu,

358 887 432 922 Nec
462 893 597 923 veteres
625 889 742 924 tzostes
768 890 931 936 Liyares,
963 902 1028 927 nee
1059 893 1195 929 Gallica
1225 885 1320 930 veta.-

289 954 337 979 245
473 945 597 980 Omnia
625 947 762 981 turritis
787 948 973 993 puppibus
1003 949 1075 984 alta
1103 950 1275 995 fremunt.

356 999 429 1034 Sed
451 1011 528 1043 vos,
560 1012 579 1035 o
606 1012 798 1046 proceres,
830 1005 892 1050 qui
918 1006 988 1039 iam
1019 1007 1143 1042 vicisse
1167 1010 1322 1052 putatis,

465 1056 646 1103 (Inqentes
670 1060 742 1093 urit
760 1071 881 1105 parva
909 1060 1037 1107 favilla
1066 1062 1200 1109 domos)

352 1112 417 1155 Ite,
448 1114 683 1159 triumphales
708 1115 853 1162 infensa
885 1118 935 1151 ad
961 1120 1092 1153 moenia
1117 1119 1255 1165 36963.-

286 1179 334 1204 252
474 1170 625 1205 Vincere
655 1171 735 1206 taus
761 1174 882 1217 primu
913 1178 981 1216 est,
1011 1175 1127 1210 altera
1156 1177 1252 1210 seire
1279 1176 1378 1221 frui.-

352 1224 394 1259 Si
429 1226 596 1261 Venetum
625 1228 726 1261 vultis
756 1228 881 1263 bellum
913 1231 1054 1265 nescire
1076 1232 1294 1274 secundum,

462 1281 641 1328 Infestum
673 1293 721 1318 ea:
750 1285 821 1318 ima
847 1286 957 1320 vellite
980 1288 1092 1332 stirpe
1118 1298 1253 1333 oenus:

350 1337 507 1380 Distulit,
539 1343 571 1372 et
592 1344 740 1384 poterat
766 1340 937 1387 Capitolia
968 1347 1106 1378 vertere
1132 1344 1285 1387 Poenus,

282 1404 330 1429 25¹}
463 1394 510 1428 Et
531 1394 663 1430 Graias
690 1395 846 1439 Hector,
877 1399 910 1432 si
936 1399 1117 1442 voluisset,
1148 1410 1252 1445 ope&

356 1450 482 1485 Vivere
501 1452 668 1496 privatus
696 1454 810 1487 nescit
835 1455 900 1500 qui
915 1455 1064 1499 publica
1092 1458 1207 1495 rexit,-

461 1506 568 1552 Scepe
598 1509 838 1551 rebellabant,
869 1520 1035 1556 saepeque
1061 1513 1128 1546 teta
1152 1512 1296 1559 ferent,-

348 1563 566 1598 Prcevatidoe
597 1567 707 1607 vires,
737 1566 909 1601 immensa
935 1569 1094 1612 pecunia
1123 1570 1158 1603 in
1188 1569 1277 1604 urbe
1307 1574 1378 1605 est.-

279 1630 327 1656 260
460 1619 589 1666 Reyna
617 1621 865 1656 subornabant
891 1623 1097 1667 ambitione,
1129 1625 1237 1660 dolis:

347 1675 588 1711 Constantina?
610 1678 723 1720 urbis,
756 1683 912 1714 veterum
944 1682 1157 1715 monimenta
1189 1681 1364 1724 Quiritum

458 1732 530 1767 Hie
558 1737 657 1777 sunt,
689 1738 723 1769 et
746 1735 875 1781 Cypri,
898 1736 1063 1782 fcenora,
1090 1739 1184 1784 re9is
1209 1748 1316 1782 opes:

347 1789 564 1835 [lirripuere
593 1801 735 1833 omnes,
767 1802 868 1827 nemo
897 1794 993 1835 illos,
1021 1794 1079 1829 hie
1105 1795 1188 1829 latet
1215 1806 1364 1839 (utrum,

277 1854 326 1880 261
462 1844 628 1881 Occictuce
657 1847 715 1881 hie
741 1848 901 1892 latitant,
933 1849 991 1884 hic
1014 1852 1160 1886 orientis
1189 1861 1286 1896 opeS.

345 1901 419 1936 Per
442 1907 573 1947 pontes
604 1904 638 1937 in
669 1904 767 1950 equis
806 1904 975 1941 Venetam
1008 1908 1041 1941 si
1067 1908 1209 1941 intratis
1239 1909 1273 1942 in
1305 1909 1449 1952 urbem,

455 1958 577 1993 Nullce
607 1961 678 1993 iam
710 1960 816 1996 Baioe
846 1963 1015 2008 nullaque
1048 1963 1190 2009 Abydos
1213 1969 1336 1999 erunt.—

341 2013 430 2049 Plus
459 2016 571 2049 maris
600 2015 657 2050 hie
688 2021 903 2062 quantoest
929 2030 1037 2064 quam
1068 2019 1192 2055 Sestus
1220 2020 1321 2055 distet
1350 2022 1492 2068 Abydo,

274 2080 324 2106 268
466 2071 593 2106 Vestra
624 2073 764 2118 quidem
796 2078 891 2110 tanto
919 2077 1036 2121 ι7]ῖο7’7“77
1066 2077 1181 2110 maior
1208 2078 1285 2112 erit.

343 2127 422 2161 Non
451 2132 587 2171 tamen,
619 2139 638 2164 o
675 2129 814 2174 Veneti,
850 2131 1002 2167 deerunt
1030 2132 1156 2167 solatia
1186 2133 1303 2176 vobis,

454 2183 509 2219 Ne
541 2184 753 2231 desperetis,
778 2188 913 2232 yaudia
944 2192 1043 2224 vetra
1073 2193 1238 2224 manent:

341 2239 433 2275 Sunt
458 2250 601 2285 casses,
626 2241 726 2277 hami
751 2253 944 2290 nassceque
973 2245 1188 2291 tristemque,
1215 2247 1400 2292 palustres

271 2306 320 2331 272
455 2296 546 2332 Sunt
575 2302 608 2332 et
636 2309 727 2344 quas
759 2310 850 2335 arcu
881 2302 1052 2336 deiiciatis
1081 2311 1188 2340 aves,-

341 2352 421 2388 Non
449 2354 578 2388 desunt
600 2354 697 2400 yobi,
727 2356 864 2399 rumbi,
891 2358 981 2393 muli
1005 2359 1206 2404 cocleoeque

451 2410 607 2456 Cumque
632 2412 806 2458 sayinutis
833 2418 954 2449 ostrea
981 2414 1187 2461 mugitibus,-

341 2465 430 2500 Sunt
456 2466 561 2512 fora,
591 2472 675 2503 sunt
704 2479 860 2510 merces,
888 2475 921 2506 et
950 2473 1044 2506 avita
1067 2473 1226 2517 pecunia
1256 2475 1364 2508 terris

271 2529 321 2556 27ss
453 2522 601 2566 Abdita,
632 2530 715 2559 sunt
745 2527 883 2561 totidem
909 2527 1086 2571 carbasa,
1119 2530 1212 2564 mitte
1242 2534 1353 2567 rates.

337 2578 463 2613 Dectite
482 2580 714 2626 principibus
735 2583 945 2631 veniamque
973 2586 1081 2620 oretis
1106 2585 1150 2619 ab
1180 2586 1289 2631 ipsis:

447 2635 647 2671 Proetorem
681 2639 815 2674 mittent
845 2641 908 2687 qui
929 2640 1017 2687 fora
1047 2647 1165 2677 vestra
1190 2647 1308 2689 reyet:

343 2691 497 2727 Urbanis
525 2694 633 2728 vacui
653 2696 751 2730 euris
779 2706 828 2731 ex
853 2707 999 2743 (equore
1026 2702 1092 2733 toto

267 2755 317 2781 280
460 2749 621 2795 Undique
650 2755 858 2787 contractas
881 2764 1010 2800 puppe
1038 2754 1170 2790 vetzetis
1198 2765 1295 2801 opes.

1706 214 1791 259 187

155 2933 198 2954 ²⁴²
223 2935 451 2978 dannubifiq3
477 2940 507 2968 1.
534 2939 838 2982 Dannubiumque
864 2944 896 2974 2.
982 2941 1025 2962 ²⁴³
1051 2944 1169 2985 menia
1195 2945 1224 2975 1.
1310 2942 1352 2963 ²¹5
1377 2945 1551 2978 Tartesus
1576 2956 1602 2978 s.
1622 2947 1768 2982 Tartes-

67 3000 136 3029 sus,
166 2993 326 3024 extrema
350 2994 540 3035 Hispaniae
567 2995 717 3027 Baetieae
742 2997 826 3029 urbs
852 2999 889 3030 in
915 3010 978 3030 ora
1003 3000 1087 3031 freti
1112 2999 1297 3037 Herculis,
1325 3004 1452 3042 postea
1478 3003 1646 3044 Carteja,
1674 3015 1767 3038 nunc

56 3041 217 3078 'Tariffa

301 3046 344 3068 246

370 3049 474 3080 Cant.
495 3048 580 3092 sim]
609 3051 713 3083 Sinus
738 3053 992 3094 Bajonnensis.
1079 3055 1121 3075 ²⁴⁷
1147 3055 1242 3098 Lig.]
1273 3056 1484 3090 Genuenses
1510 3070 1536 3091 s.
1555 3061 1767 3093 Ianuenses.

65 3101 108 3121 ²55
133 3104 268 3145 Pqnus:
297 3107 327 3136 1.
354 3106 552 3137 Hannibal.
622 3105 664 3127 ²⁶²
690 3107 858 3150 (foenora)
879 3113 910 3142 2.
981 3111 1023 3131 2⁰⁷
1048 3112 1164 3144 Abido
1191 3114 1263 3145 1.2.
1334 3113 1377 3134 ²⁷3
1402 3114 1544 3158 Rumbi]
1571 3117 1721 3149 rhombi.
