2081 3517
312 207 475 229 HVTTENI
494 207 532 229 IN
550 208 811 229 EXCEPTIONEM
828 207 1073 230 MOGVNTINAM
1090 207 1250 229 ALBERTI
1269 208 1538 231 PANEGYRICVS.
1680 191 1775 236 377

336 310 406 349 Hic
437 310 646 349 Ariovistus
679 310 877 350 Gallorum
908 311 1029 349 victor
1059 311 1097 348 in
1131 311 1248 349 armis
1564 311 1777 335 A‘fflvssfflssGe‘-

1564 341 1649 361 maniae
1670 347 1720 363 rex.

267 392 315 416 740
339 378 458 416 Lucet
489 390 609 428 eques
639 380 866 429 spernitque
896 378 1070 424 hostem,
1103 391 1181 416 non
1213 379 1361 428 spernit
1392 380 1557 417 amicum

336 445 573 489 Romanum3
608 458 816 496 conspersa
848 446 953 484 vides
985 446 1222 496 collectaque
1253 446 1395 496 passim

335 513 514 562 Agmina,
549 513 763 552 Germanos
795 513 961 562 equites:
995 513 1064 551 hos
1097 514 1222 551 Caesar
1254 514 1291 551 in
1324 514 1471 552 omneis
1525 512 1775 566 {f'u‘ffg‘igjljgg'oes

336 581 477 618 Secum
509 581 583 630 agit
617 585 794 623 eventus,
826 580 886 619 his
917 593 957 618 se
990 581 1209 624 committit,
1243 582 1281 618 in
1311 581 1398 619 unis

334 648 449 697 Spem
482 647 583 685 locat
613 647 671 684 his
702 648 888 697 ponitque
919 648 1054 691 fidem,
1088 653 1143 691 tc,
1176 647 1316 692 Gallia,
1348 649 1445 686 vinci

267 728 316 754 740
339 714 423 753 Non
456 714 593 764 pudet,
627 718 663 751 at
693 713 851 763 puduit,
885 719 1034 753 terrent
1065 715 1257 753 Germana
1290 716 1497 754 Britannos

334 781 501 824 Auxilia,
535 781 727 831 Hispanos
757 787 910 826 arcent,
944 783 1207 832 pugnantibus
1237 783 1310 822 illis

336 849 544 899 Splendida
576 848 797 887 Pharsalico
829 854 936 899 parta
971 855 1027 888 est
1057 851 1215 888 victoria
1248 864 1397 903 campo.

333 917 404 955 Hic
435 916 632 966 indignato
664 921 820 967 pontem
854 929 1092 968 consurgere
1123 918 1260 957 Rheno
1644 918 1779 969 2⁰¹?an

336 985 469 1023 Cernis
502 988 538 1022 et
567 984 756 1023 Ausonias
787 985 869 1035 ripa
899 984 1085 1024 ulteriore
1116 986 1313 1030 cohortes;

269 1065 317 1090 750
340 1052 432 1089 Inde
465 1051 634 1092 hostem.
669 1065 784 1102 quem
817 1064 863 1091 ne
896 1053 1063 1091 inveniat
1093 1053 1221 1097 tiinet,
1254 1054 1379 1092 indice
1411 1056 1549 1104 quierit

333 1119 455 1158 Nocte
488 1119 595 1158 ferox
627 1119 744 1158 Italus
775 1132 994 1171 vacuosque
1026 1121 1205 1169 indagine
1237 1126 1388 1159 montes

334 1187 509 1230 Lustrat,
543 1187 620 1225 adit
651 1187 772 1238 sylvas
805 1192 918 1238 atque
951 1188 1059 1226 obvia
1092 1193 1225 1239 tesqua
1258 1188 1423 1227 lacessit.

333 1255 448 1293 Parte
481 1254 551 1292 alia
583 1254 745 1293 collecta
778 1256 878 1293 acies
910 1255 1103 1293 Germana
1136 1255 1206 1294 sub
1238 1256 1360 1293 bostis

335 1321 516 1360 Considet
547 1322 774 1366 adventum,
809 1322 912 1367 ‘Quo
944 1335 1047 1360 nunc
1078 1324 1154 1361 ruit
1186 1322 1291 1361 ille?'
1324 1324 1473 1362 Suevus

266 1403 315 1427 755
337 1389 535 1428 Exclamat
565 1401 816 1440 pugnamque
848 1391 964 1440 petit:
996 1395 1038 1428 tu
1068 1390 1223 1440 Belgica
1257 1396 1402 1434 castra,

335 1457 480 1502 Caesar,
515 1457 597 1495 adis
629 1457 832 1509 Celtasque
863 1458 931 1496 tibi
963 1457 1222 1496 succumbere
1251 1463 1393 1496 suetos.

332 1525 379 1562 At
408 1529 450 1563 tu
481 1536 559 1562 non
591 1525 726 1563 iisdem
760 1526 864 1570 satis,
897 1537 973 1563 non
1006 1526 1164 1563 numine
1197 1526 1356 1570 eodem,
1642 1526 1777 1552 0¹¹i¹¹¹i¹i¹¹³

1615 1572 1616 1575 .
1642 1555 1725 1576 Varus.

67 1683 194 1715 Caecili
220 1683 359 1714 Metelli
383 1683 580 1724 Papirique
607 1682 785 1714 Carbonis
812 1683 858 1723 (a.
878 1682 970 1723 641.)
996 1693 1109 1724 usque
1137 1683 1182 1714 ad
1207 1693 1365 1724 pugnam
1391 1684 1427 1714 in
1455 1685 1592 1725 campis
1618 1685 1779 1717 Raudiis.

66 1740 97 1771 d.
118 1739 173 1772 30.
192 1740 257 1771 Iul.
279 1749 371 1771 coss.
390 1740 508 1771 Mario
534 1740 575 1771 V.
594 1738 641 1770 Μ’
662 1739 808 1780 Aquilio
835 1738 884 1780 (a.
904 1739 996 1779 653.)
1023 1744 1235 1782 pugnatam.

154 1795 197 1815 ⁷³⁹
222 1796 439 1827 Ariovistum
468 1796 726 1828 Germanorum
752 1807 875 1838 regem
904 1796 956 1827 ita
982 1796 1117 1837 passim
1145 1798 1312 1837 agentem
1339 1806 1381 1827 ac
1413 1796 1620 1837 loquentem
1647 1798 1780 1829 descri-

65 1853 120 1883 bit
147 1853 231 1884 Cres.
251 1853 293 1884 Β.
313 1852 354 1884 G.
374 1853 402 1883 I.
422 1852 475 1885 31.
496 1863 590 1893 sqq.,
624 1856 664 1883 ut
694 1852 803 1884 velim
836 1852 946 1883 nolim
972 1852 1195 1883 Franciscus
1221 1852 1474 1893 Sickingensis
1504 1853 1541 1884 in
1574 1854 1780 1885 memoriam

65 1912 268 1941 revocetur.
341 1907 384 1928 ⁷4²
409 1909 563 1948 „Caesar
634 1909 798 1950 praelium
818 1912 984 1950 equestre
1005 1909 1214 1947 committit3
1241 1908 1492 1939 laborantibus
1511 1910 1582 1940 iam
1602 1911 1674 1941 suis
1695 1911 1780 1941 Ger-

66 1975 192 1997 manos
231 1966 372 2006 equites
405 1966 553 1996 circiter
579 1964 640 1995 CD
668 1965 868 2004 submittit,
904 1975 991 2006 quos
1025 1964 1069 1995 ab
1102 1965 1207 1995 initio
1240 1974 1362 1996 secum
1394 1965 1529 1996 habere
1556 1966 1777 1997 instituerat.

68 2032 189 2053 eorum
213 2022 388 2063 impetum
416 2021 513 2053 Galli
540 2022 721 2053 sustinere
748 2032 818 2052 non
850 2024 1063 2062 potuerunt,
1099 2023 1207 2061 atque
1239 2021 1276 2051 in
1310 2021 1433 2061 fugam
1466 2022 1625 2053 coniecti
1659 2023 1779 2054 multis

67 2078 210 2109 amissis
236 2088 273 2109 se
302 2078 346 2109 ad
374 2088 503 2119 agmen
530 2079 781 2119 receperunt'H
814 2078 899 2109 διες.
916 2078 956 2109 Β.
978 2077 1018 2108 G.
1039 2077 1119 2107 VII.
1143 2076 1192 2107 13.
1287 2075 1329 2095 ⁷⁴⁷
1361 2077 1594 2118 Pompeianae
1620 2078 1777 2109 Pharsa-

66 2134 148 2165 licae
175 2134 299 2165 clades
326 2134 357 2165 d.
377 2133 408 2165 9.
429 2135 519 2176 Aug.
541 2145 572 2165 a.
594 2145 626 2164 11.
646 2132 722 2165 706.
794 2132 836 2153 ⁷⁴⁵
861 2134 946 2175 Ipse
976 2134 1059 2165 Cses.
1080 2134 1119 2164 B.
1141 2132 1182 2163 G.
1202 2133 1262 2163 IV.
1287 2132 1336 2163 17.
1357 2136 1502 2174 pontem
1529 2134 1565 2164 in
1591 2134 1697 2165 Ubiis
1724 2135 1776 2165 fa-

67 2194 162 2221 ctum
181 2190 368 2221 describit.
389 2191 436 2221 cf.
457 2191 516 2223 VI.
536 2190 566 2221 t).
586 2190 698 2231 Aquae
718 2193 858 2231 guttam
878 2191 912 2220 in
932 2190 1095 2221 Rhenum
1114 2189 1334 2220 effunderem
1360 2190 1390 2220 si
1416 2189 1459 2220 de
1486 2200 1523 2220 re
1549 2191 1680 2221 totiens
1707 2191 1778 2222 dis-

67 2250 195 2288 putata
219 2246 254 2277 h.
274 2246 296 2277 l.
318 2246 456 2288 aliquid
484 2247 706 2278 adnotarem.
770 2245 812 2265 ⁷52

840 2246 966 2277 ‘saltus
985 2255 1246 2286 nemorosaque
1272 2249 1401 2286 tesqua
1426 2245 1473 2276 Et
1491 2245 1628 2277 silvas''
1648 2247 1777 2279 Lucan.

67 2303 196 2335 Phars.
214 2303 274 2334 VI.
293 2303 347 2333 41.
369 2313 420 2344 sq.
493 2302 535 2322 ⁷⁵3
562 2303 729 2342 „Quibus
756 2303 865 2334 rebus
893 2302 1017 2333 Caesar
1042 2301 1278 2333 vehementer
1304 2304 1500 2333 commotus
1526 2303 1778 2334 maturandum

67 2360 138 2391 sibi
165 2360 402 2397 existimavit,
428 2369 473 2390 ne.
500 2359 531 2390 si
556 2370 649 2391 nova
677 2369 803 2390 manus
830 2361 1026 2391 §aevorum
1053 2368 1130 2389 cum
1157 2357 1342 2389 veteribus
1369 2358 1483 2398 copiis
1502 2359 1673 2389 Ariovisti
1699 2369 1778 2391 sese

68 2416 331 2453 coniunxisset,
359 2417 475 2447 minus
503 2415 613 2446 facile
640 2416 762 2447 resisti
788 2419 921 2457 posset.
973 2417 1101 2456 ltaque
1128 2425 1165 2445 re
1194 2414 1433 2445 frumentaria
1459 2424 1564 2454 quam
1591 2414 1780 2447 celerrime

67 2473 183 2514 potuit
216 2475 417 2513 conparata
450 2472 593 2513 magnis
625 2473 820 2503 itineribus
854 2473 898 2503 ad
931 2472 1153 2503 Ariovistum
1188 2471 1413 2504 contendit''.
1443 2472 1527 2503 Cws.
1556 2471 1598 2501 B.
1619 2471 1659 2502 G.
1679 2471 1706 2503 I.
1726 2471 1780 2503 37.

67 2527 110 2548 ⁷5⁴
134 2528 244 2560 Suevi
268 2529 301 2560 z‘n
326 2538 430 2569 marg.
449 2538 508 2559 om.
530 2531 562 2559 3.
634 2527 677 2548 ⁷⁵7
701 2530 757 2560 De
783 2529 945 2560 Arminio
972 2528 1203 2570 Varianaque
1231 2529 1334 2560 clade
1362 2529 1398 2559 in
1423 2538 1499 2569 sqq.
1519 2527 1671 2558 maxime
1690 2526 1782 2558 Peu-

67 2586 247 2627 tingerum
274 2584 449 2625 (Sermon.
471 2585 666 2625 convival.)
693 2588 838 2617 secutus
866 2590 937 2624 est,
967 2585 1027 2626 qni
1059 2595 1125 2616 sua
1150 2589 1284 2626 praeter
1308 2585 1457 2616 Florum
1483 2583 1674 2615 maximam
1701 2594 1780 2624 par-

67 2644 141 2672 tem
167 2652 209 2672 ex
236 2640 370 2672 Ottone
389 2640 546 2681 Frising.
566 2641 632 2672 111.
652 2642 684 2672 4.
705 2644 740 2672 et
767 2653 808 2673 ex
828 2642 942 2673 Celtis
968 2641 1135 2672 versibus
1160 2641 1283 2673 habet.
1334 2652 1416 2672 nam
1443 2641 1495 2672 sic
1522 2640 1583 2671 ille
1610 2650 1681 2670 non
1707 2641 1780 2671 evi-

68 2701 147 2729 tata
180 2697 395 2729 confusione
429 2695 586 2727 cladium
612 2697 784 2729 Varianae
810 2698 1108 2740 Hungaricaeque
1142 2698 1199 2729 die
1227 2697 1260 2728 S.
1289 2697 1480 2728 Laurentii
1514 2706 1546 2727 a.
1566 2695 1644 2727 955.
1670 2706 1781 2737 prope

68 2754 269 2796 Augustam
303 2764 323 2784 a.
357 2752 548 2785 Germanis
580 2752 745 2785 hostibus
778 2755 870 2793 suis,
913 2754 1085 2785 Romanis
1119 2753 1233 2790 illius,
1275 2753 1455 2785 Avaribus
1488 2752 1563 2783 sive
1596 2752 1782 2792 Hungaris

67 2810 190 2849 huius,
223 2809 438 2840 inlatarum:
474 2808 675 2847 „Germani
709 2813 837 2851 postea
864 2809 1035 2849 Quintilii
1061 2810 1151 2840 Vari
1176 2809 1366 2840 libidinem
1393 2812 1428 2840 et
1453 2807 1659 2849 superbiam
1685 2807 1783 2839 haud

69 2876 173 2897 secus
200 2876 306 2907 quam
332 2865 509 2897 saevitiam
543 2865 660 2897 odisse
696 2869 884 2908 coeperunt
917 2869 951 2897 et
976 2866 1139 2896 Arminio
1172 2866 1263 2896 duce
1298 2865 1406 2896 armis
1439 2865 1617 2905 correptis
1649 2865 1781 2896 occisae

69 2925 151 2953 sunt
176 2922 263 2952 Vari
288 2924 361 2953 tres
387 2921 568 2962 legiones:
602 2921 693 2952 nihil
727 2932 771 2953 ea
797 2921 896 2953 crede
922 2932 987 2963 per
1011 2921 1164 2963 paludes
1190 2931 1324 2962 perque
1351 2921 1463 2952 silvas
1490 2920 1693 2959 cruentius,
1728 2921 1780 2950 ni—

68 2978 118 3009 hil
143 2978 380 3010 insultatione
406 2978 643 3009 barbarorum
669 2977 945 3016 intolerantius,
973 2978 1156 3019 praecipue
1183 2981 1307 3008 tamen
1332 2977 1370 3008 in
1395 2986 1586 3008 causarum
1611 2979 1782 3017 patronos

131 3034 243 3076 ipsius
270 3044 409 3076 quoque
436 3033 596 3065 consulis
624 3044 769 3075 corpus,
799 3034 892 3075 quod
917 3033 1069 3065 militum
1095 3034 1215 3075 pietas
1240 3033 1340 3064 humi
1367 3033 1572 3071 abdiderat,
1601 3032 1781 3069 effossum,

72 3090 215 3131 aquilas
242 3091 353 3121 etiam
379 3091 469 3122 duas
494 3091 644 3122 barbari
669 3090 925 3132 possederunt3
959 3090 1106 3121 tertiam
1138 3090 1312 3131 signifer,
1348 3089 1557 3130 priusquam
1588 3088 1624 3118 in
1656 3099 1784 3120 manus
