2081 3517
315 199 410 244 242
571 217 732 240 HVTTENI
749 216 796 237 AD
814 214 990 237 cAESAREM
1008 211 1287 234 MAXIMILIANVM
1304 210 1598 233 EPIGRAMMATVM
1615 210 1738 232 LIBER.

578 319 669 357 Haec
699 317 848 356 cervice
877 321 1029 353 tumens
1059 319 1097 352 et
1125 312 1424 351 versicoloribus
1454 311 1543 356 alis,

692 383 783 428 Quae
814 382 928 420 crista
958 381 1166 431 imperium
1199 380 1362 430 despicit
1392 391 1505 417 omne
1535 378 1673 422 rubra,

581 451 673 496 Quae
704 449 900 488 mediocre
930 446 1046 491 nihil,
1078 446 1172 485 nihil
1203 455 1239 485 et
1268 445 1507 485 moderabile
1538 457 1669 483 secum

550 534 564 557 ⁴
696 515 818 554 Volvit
848 519 885 553 et
915 515 1124 552 immensas
1156 514 1323 563 concipit
1353 513 1432 552 ales
1462 525 1576 563 opes,

579 582 736 622 Aemula
767 582 911 630 reginae
941 581 1162 626 volucrum,
1193 581 1307 619 nimis
1337 579 1411 618 alta
1441 579 1634 623 volutans,

692 648 783 693 Quae
813 648 952 686 eoelum
983 649 1122 698 pennis
1153 648 1287 686 nititur
1318 648 1376 686 ire
1406 659 1546 697 supra,

580 717 619 755 Si
650 717 857 766 quicquam
888 715 987 754 feret
1015 715 1075 753 his
1105 714 1195 753 olim
1226 714 1470 754 successibus
1500 714 1646 764 impar,

547 800 562 823 s
695 782 799 827 Quos
828 783 930 821 risus
959 781 1071 820 nobis
1101 781 1208 833 lapsa
1239 781 1408 820 movebit
1437 781 1540 819 avis?

497 905 559 943 93.
887 905 952 936 DE
980 904 1139 937 GALLO
1166 905 1227 936 ET
1252 905 1444 944 AQVILA.

579 985 712 1035 Nuper
743 984 924 1035 sydereas
955 983 1085 1022 Gallus
1115 983 1408 1021 transcenderat
1438 982 1570 1032 Alpes,

691 1051 847 1089 Terruit
875 1049 1027 1089 Italicos
1058 1049 1185 1088 bellua
1216 1055 1322 1088 torva
1354 1050 1491 1092 duces,

580 1120 627 1158 At
655 1116 870 1157 Mediolano
902 1123 1105 1168 postquam
1136 1117 1309 1156 consedit
1338 1118 1377 1154 in
1407 1118 1560 1167 Angue,

548 1200 562 1223 4
695 1184 880 1223 Conssavit
910 1196 1070 1234 magnos
1101 1186 1216 1223 crista
1247 1183 1413 1235 superba
1445 1189 1580 1222 metus.

581 1253 692 1292 Nunc
724 1253 836 1291 etiam
867 1252 1001 1291 Veneti
1032 1252 1214 1303 depastus
1245 1251 1419 1290 membra
1452 1251 1591 1289 Leonis

694 1319 907 1370 Omniaque
936 1320 1143 1358 Adriacum
1176 1324 1311 1357 nactus
1342 1319 1515 1369 adusque
1546 1318 1708 1361 fretum,

583 1389 775 1428 Successu
806 1388 966 1425 nimium
998 1388 1161 1426 fortunae
1193 1386 1315 1425 elatus
1346 1387 1501 1437 opimae,

547 1469 563 1494 s
694 1456 987 1505 Aggressusque
1018 1455 1095 1493 suis
1125 1453 1270 1492 viribus
1300 1455 1424 1504 impar
1455 1465 1574 1498 onuS,

582 1524 706 1562 Ausus
737 1522 804 1561 ubi
835 1527 891 1561 est
921 1521 1066 1573 Aquilae
1096 1534 1167 1560 nec
1199 1522 1333 1572 opinas
1363 1525 1520 1560 nectere
1551 1520 1705 1559 fraudes

696 1590 743 1628 Et
772 1595 927 1640 pactum
958 1590 1071 1628 sociae
1102 1600 1286 1639 rumpere
1316 1588 1439 1626 foedus
1470 1589 1548 1633 avi,

583 1657 734 1696 Rursus
763 1657 810 1695 ad
840 1655 1025 1711 Insubres
1053 1656 1182 1694 lacero
1212 1656 1312 1695 redit
1343 1656 1495 1706 agmine
1525 1659 1686 1696 montes

535 1739 565 1764 η
697 1724 712 1762 Ι
743 1736 866 1768 nunc,
900 1729 1013 1775 atque
1044 1723 1143 1762 ultra
1175 1735 1290 1773 quam
1321 1723 1432 1762 decet
1462 1735 1545 1762 esse
1575 1723 1687 1774 para!

544 1846 605 1883 94.
658 1849 720 1879 AD
746 1847 1111 1879 MAXIMILIANVM
1136 1846 1378 1878 SFORTIAM
1402 1846 1721 1878 RESTITVTVM.

586 1926 728 1965 Sfortia
760 1927 985 1976 progenies,
1018 1927 1101 1963 istis
1132 1926 1355 1975 dignissime
1386 1924 1524 1970 rebus,

696 1994 788 2040 Quae
818 1993 885 2032 tibi
915 2006 956 2032 se
987 1992 1094 2044 lapso
1124 1994 1329 2032 restituere
1360 1999 1487 2043 patre,

318 2133 395 2174 ipse
423 2130 550 2163 Gallus
575 2129 620 2161 ab
646 2128 778 2170 Aquila
808 2128 1010 2170 discerptus
1041 2129 1199 2160 moriens
1229 2127 1380 2170 pendet3
1415 2128 1673 2160 Germanorum
1697 2125 2020 2167 Helvetiorumque

318 2187 571 2227 (Beruensium
595 2185 874 2226 Uriensiumque
900 2184 1035 2216 vexilla
1067 2195 1088 2216 a
1118 2184 1422 2226 prosequentibus
1446 2183 1646 2215 victoribus
1671 2182 1745 2214 alte
1771 2182 1917 2215 sublata.
1941 2192 2020 2224 pro-

320 2242 494 2283 feruntur)
518 2242 678 2274 victoria
705 2244 760 2273 est
782 2241 1019 2273 Novariensis
1044 2244 1130 2282 puto
1156 2241 1189 2272 d.
1208 2239 1239 2272 6.
1259 2241 1336 2272 Iun.
1356 2250 1387 2271 a.
1411 2238 1507 2271 1513.

406 2298 461 2331 93.
502 2299 701 2339 Postquam
727 2297 759 2328 d.
778 2296 832 2329 23.
851 2296 957 2328 Mart.
978 2308 1009 2328 a.
1032 2296 1127 2328 1513.
1160 2296 1280 2328 Blesis
1305 2297 1400 2327 inter
1427 2295 1550 2327 Gallos
1574 2291 1805 2338 Venetosque
1831 2295 1874 2326 de
1901 2297 2021 2325 mutuo

320 2355 455 2387 auxilio
488 2354 638 2387 ferendo
665 2357 905 2393 convenerat,
939 2357 1065 2385 eontra
1093 2352 1236 2385 Gallum
1261 2353 1307 2393 (d.
1325 2352 1379 2383 25.
1398 2350 1501 2393 Apr.)
1528 2361 1608 2383 sese
1636 2353 1891 2383 consociarunt
1915 2350 2021 2381 Arra—

319 2421 510 2454 gonenses,
537 2410 672 2449 Caesar,
697 2409 848 2451 Anglus⁷
873 2409 948 2440 Leo
973 2409 1016 2440 X.
1034 2409 1074 2442 P.
1092 2408 1138 2439 M.
1158 2419 1270 2450 nuper
1295 2408 1427 2439 faetus.
1476 2407 1692 2439 Tremollius
1718 2418 1760 2438 ex
1784 2407 2022 2439 Pedemonta-

320 2470 376 2500 nis
408 2469 445 2499 in
473 2466 770 2499 Mediolanenses
801 2466 972 2497 civitates
1003 2464 1250 2506 progreditur,
1290 2465 1406 2495 Ianua
1437 2464 1475 2494 in
1507 2463 1694 2495 Gallorum
1725 2466 1848 2506 partes
1879 2463 2020 2502 transit,

321 2524 416 2566 apud
440 2524 637 2556 Novariam
664 2522 710 2563 (d.
728 2520 759 2553 6.
778 2520 872 2561 Iun.)
900 2520 999 2553 Galli
1025 2531 1068 2552 ac
1086 2520 1218 2552 Veneti
1241 2521 1448 2561 vincuntur,
1476 2519 1645 2552 Cardona
1661 2519 1897 2562 Neapolitani
1922 2530 2021 2551 exer-

321 2581 415 2612 citus
440 2580 511 2611 dux
534 2579 688 2611 Venetis
711 2581 845 2620 praeter
861 2577 1054 2609 Patavium
1072 2576 1350 2617 Tarvisiumque
1375 2587 1487 2618 usque
1514 2577 1559 2608 ad
1583 2576 1733 2608 Hadriae
1758 2586 1857 2607 oram
1881 2585 2022 2617 posses-

320 2638 441 2668 siones
466 2639 656 2667 terrestres
689 2633 875 2676 depraedat
908 2633 1122 2674 adimitque,
1155 2633 1420 2674 Alvianumque
1445 2633 1586 2664 Veneto
1618 2632 1795 2664 exercitui
1825 2642 1940 2673 nuper
1969 2641 2024 2661 re-

322 2694 485 2724 stitutum
518 2691 612 2734 apud
649 2690 829 2722 Vicetiam
860 2689 907 2730 (d.
928 2689 958 2722 7.
978 2688 1076 2729 Oct.)
1102 2689 1274 2721 devincit.
1322 2689 1447 2730 Neque
1474 2689 1620 2721 Gallica
1651 2688 1823 2731 praesidia
1846 2687 2023 2719 Mediola-

321 2749 449 2780 nensia
475 2748 806 2788 Cremonensiaque
832 2746 1014 2787 optinent,
1043 2750 1251 2777 conmeatus
1276 2746 1429 2788 penuria
1453 2745 1554 2777 abire
1580 2748 1711 2777 coacta
1737 2747 1890 2776 exeunte
1917 2753 2021 2774 annO.

322 2804 471 2835 Interim
504 2805 541 2834 in
571 2804 723 2835 Morinis
755 2802 1037 2843 Burgundiaque
1073 2801 1257 2833 Gallorum
1289 2812 1346 2833 res
1377 2802 1415 2832 in
1447 2801 1599 2843 ancipiti
1630 2804 1730 2833 statu
1760 2801 1923 2840 fuerunt,
1962 2800 2025 2830 ubi

324 2864 450 2891 contra
476 2861 591 2901 ipsum
618 2860 800 2891 Caesarem
827 2868 948 2890 eorum
974 2857 1149 2889 exercitui
1176 2858 1355 2900 agendum
1382 2862 1472 2889 erat.
1546 2857 1555 2876 ¹
1582 2857 1743 2889 sidereas
1770 2859 1801 2889 4.
1877 2856 1890 2875 ³
1914 2854 2022 2898 Ang.]

324 2916 548 2947 Sfortffirum.
577 2915 623 2947 ef.
644 2925 719 2956 seq.
740 2915 854 2956 epigr.
875 2917 910 2945 et
943 2914 988 2945 ad
1019 2914 1054 2945 id
1081 2914 1157 2945 citt.
1177 2914 1213 2945 11.
1308 2913 1320 2932 ⁹
1346 2914 1513 2945 Blesensi
1546 2924 1624 2945 cum
1650 2914 1800 2946 Venetis
1826 2913 1962 2944 foedere
1989 2912 2021 2942 d.

324 2972 356 3001 d.
374 2970 429 3002 23.
447 2972 552 3003 Mart.
574 2982 606 3004 a.
630 2970 725 3002 1513.
811 2970 839 2990 ¹⁰
864 2968 998 3014 soedus]
1025 2970 1305 3002 Camaracense.
1393 2969 1416 2989 ¹¹
1443 2968 1627 3012 Insubres]
1655 2971 1691 3001 in
1723 2979 1826 3000 arces
1851 2967 2024 2999 Mediola-

325 3037 471 3058 nensem
498 3031 534 3059 et
559 3027 848 3059 Cremonensem.

412 3082 465 3113 04.
509 3083 594 3113 Cum
616 3083 712 3115 Galli
738 3087 866 3115 {estate
893 3095 924 3116 a.
950 3082 1041 3118 1512.
1062 3094 1103 3116 ex
1124 3084 1232 3117 ltalia
1259 3083 1398 3127 expulsi
1425 3088 1556 3125 esseut,
1583 3082 1695 3115 Iulius
1714 3082 1753 3114 P.
1772 3082 1817 3114 M.
1839 3081 2023 3113 Mantuam
