2081 3517
176 212 270 258 556
316 221 549 253 ADDENDA
567 221 630 252 AD
648 220 756 254 VOL.
776 221 823 252 11.
851 217 1087 254 cccxxxx11*.
1106 227 1275 250 ASCLEPu
1294 226 1455 250 ΒΑΒΒΑΤΙ
1473 224 1741 251 PANEGYmcvs.

442 336 570 380 Qualia
594 335 638 371 ab
667 339 789 372 erecto
812 332 1014 368 manabant
1038 334 1193 377 pectore
1221 330 1342 366 verba.

444 392 476 427 T
475 404 533 428 um
562 391 715 427 subeunt
743 400 894 436 quorum
923 391 1119 423 conventus
1147 388 1288 422 nomine
1317 389 1444 421 tantus

440 448 673 494 Praecipuum
703 446 855 482 illustris
882 445 1046 479 semitam
1071 443 1259 488 complebit
1292 441 1434 488 Olympi
1441 458 1450 476 .-

441 504 597 550 Pythius
625 502 713 544 leae,
745 501 805 535 illa
838 499 1002 537 Geticus;
1033 509 1129 534 nunc
1159 499 1282 533 Delius
1311 498 1373 532 illa

375 572 423 597 235
444 559 562 606 (Scire
591 557 699 603 nefas
729 554 917 600 hominem)
945 559 1076 600 parte,
1107 554 1178 589 lzac
1201 554 1308 589 Mars
1328 553 1482 599 ferreus
1509 554 1585 589 ibat

442 615 600 650 Partitis
629 612 782 654 vicibus,
815 615 962 658 cequato
993 612 1165 657 utrinque
1194 613 1230 645 et
1260 609 1408 645 honore.

442 671 550 706 Inter
578 673 759 713 utrunque
786 667 857 702 duo
885 668 1049 713 quamvis
1079 667 1249 702 mortalia
1275 666 1348 701 vidi

445 727 627 771 Corpora,
656 724 845 758 mortalem
873 723 971 769 quod
998 727 1080 758 erat
1105 723 1247 758 coeleste
1269 722 1428 768 fiyuram

443 782 627 818 Paulatim
657 779 827 815 extrudit
855 789 916 814 res
944 780 1179 825 illustratque
1209 778 1380 813 caducas

377 850 424 874 240
447 838 590 873 Scilicet
620 836 800 883 ingenium
830 846 899 881 quo
922 836 1039 870 maius
1067 843 1223 880 corpore
1250 835 1400 880 reynat,

445 894 586 939 Corpus
612 902 652 928 eo
684 892 796 926 minui
824 892 937 937 maqis
964 891 1172 936 absumique
1200 899 1346 925 necesse
1368 892 1443 923 est:

445 950 544 995 Erqo
572 949 630 984 via
655 947 919 994 spatiabantur
945 947 1048 982 modo
1077 950 1238 993 quatuor
1268 946 1410 992 ampla,

444 1006 612 1041 Divinum
638 1008 844 1039 extremum
874 1007 948 1045 est,
981 1003 1134 1038 medium
1164 1003 1337 1037 miscetur
1363 1003 1535 1046 utraque,

444 1063 540 1097 Ante
569 1059 825 1106 triumphalem
848 1063 1072 1094 connectunt
1101 1058 1253 1093 brachia
1283 1068 1452 1099 currum,

375 1129 424 1155 245
446 1118 638 1153 Innumeri
667 1116 805 1152 ducunt
829 1116 974 1150 livorem
999 1117 1034 1150 in
1065 1119 1167 1161 terqa
1196 1114 1356 1157 labores,

446 1173 643 1220 Cinyebant
672 1183 825 1218 quorum
855 1171 1029 1206 sudantia
1059 1175 1223 1216 tempora
1251 1171 1404 1215 palmce,

443 1231 571 1265 Aurea
593 1228 824 1275 principibus
851 1228 975 1262 mediis
1003 1231 1155 1273 sceptra
1186 1226 1464 1272 anteferebant,

445 1286 624 1322 Continua
653 1285 812 1320 Huttcni
837 1285 1024 1330 viqilantia
1045 1283 1197 1330 prodita
1221 1293 1335 1325 cura,

445 1342 527 1377 Non
557 1341 635 1376 hoec
665 1351 746 1387 quae
774 1340 876 1375 nihili
902 1341 1073 1375 mortalia
1097 1343 1255 1386 pectora
1286 1338 1394 1373 rebus

376 1409 426 1435 250
446 1399 631 1440 Exercet,
663 1397 728 1432 sed
755 1407 836 1443 quse
867 1400 1003 1431 mentes
1032 1397 1082 1431 ad
1108 1396 1231 1430 sidera
1262 1395 1374 1430 tollit:

444 1454 647 1489 Francisco
677 1454 821 1489 veniens
849 1462 986 1487 summo
1024 1452 1185 1487 Victoria
1215 1451 1301 1486 coelo

445 1510 568 1545 Gloria
598 1511 833 1556 consequitur
860 1509 1033 1543 donatum
1062 1513 1204 1543 (eterna
1232 1506 1472 1553 triumphum.

445 1566 580 1613 Inqens
609 1566 841 1612 consequitur
866 1574 1058 1608 numerus,
1088 1574 1177 1611 quos
1203 1565 1300 1598 inter
1330 1568 1365 1598 et
1398 1563 1562 1598 umbram

443 1622 532 1669 Ipse
558 1623 628 1656 mei
655 1622 772 1664 video,
808 1631 901 1656 cura
925 1624 1019 1666 puto
1043 1621 1211 1666 pectoris
1239 1620 1315 1654 alta

375 1689 425 1714 255
447 1679 497 1714 Et
519 1678 638 1713 studio
664 1677 848 1712 interdum
873 1680 1020 1712 naturcc
1046 1677 1187 1712 vincula
1211 1677 1351 1721 rumpi.-

445 1735 636 1770 Absentem
668 1743 766 1768 mens
790 1743 945 1780 namque
975 1735 1132 1767 aru'mam
1162 1735 1374 1777 expurqata
1399 1731 1589 1776 relinquit,

446 1791 571 1833 Mens,
598 1791 727 1836 auriqa
759 1791 887 1831 animi,
919 1799 1089 1824 successu
1114 1793 1147 1823 ct
1181 1788 1354 1833 temporis
1381 1788 1481 1821 amni

447 1847 578 1882 Libera
609 1850 787 1881 momento
817 1856 942 1881 rerum
974 1854 1179 1890 causasque
1209 1845 1371 1889 vicesque

444 1903 510 1938 Ex
536 1902 621 1938 Iove
645 1902 843 1948 perdiscit,
876 1901 984 1936 rebus
1009 1905 1165 1936 ventura
1192 1900 1361 1945 peractis

378 1968 427 1994 280
449 1958 724 2004 Scrutaturque
752 1967 886 2004 super:
916 1956 1004 1991 nihil
1027 1961 1081 1992 est
1106 1957 1334 2002 prccsentius
1364 1955 1440 1990 illo:

443 2015 590 2061 Iupiter
619 2014 687 2050 hoc
717 2014 889 2056 divinum,
919 2013 1099 2048 hominum
1130 2024 1201 2047 non
1232 2011 1372 2048 invidus
1400 2011 1476 2053 ille,

447 2072 648 2112 Concessit,
680 2081 748 2117 quo
779 2071 874 2105 scire
902 2079 1031 2116 queas,
1060 2081 1128 2116 quo
1160 2071 1276 2104 vivere
1300 2069 1442 2113 possis,

448 2127 524 2170 Quo
548 2137 685 2173 corpus
710 2127 866 2161 mortale
894 2136 1037 2172 sequax
1067 2128 1297 2171 animamque
1322 2127 1506 2170 potentem

447 2183 637 2225 Reddere,
667 2183 810 2219 sublimi
837 2194 918 2228 quoe
945 2192 1024 2217 sese
1054 2184 1150 2217 misit
1183 2181 1351 2227 Olympo,

376 2249 424 2275 265
448 2239 564 2282 Quam
594 2238 713 2274 Musca
742 2248 890 2285 sepsere
913 2248 1056 2282 novem,
1087 2249 1195 2284 quam
1225 2237 1385 2282 implerit
1411 2234 1591 2278 Iacchus,

447 2295 561 2338 Quam
587 2296 699 2332 variis
723 2306 876 2331 vacuam
906 2296 1005 2330 curis
1034 2295 1211 2330 exhaurit
1238 2293 1364 2339 Apollo

446 2351 564 2398 Inque
593 2352 696 2386 deum
728 2361 875 2386 veneres
905 2351 1019 2386 calido
1048 2361 1182 2386 vescere
1206 2349 1352 2395 furore.

449 2408 582 2444 Ordine
612 2411 652 2442 at
682 2409 717 2442 in
748 2408 850 2454 lonqo
880 2411 1022 2442 tenuem
1049 2407 1133 2442 (lum
1162 2406 1314 2451 respicis
1344 2403 1526 2445 umbram,

447 2465 600 2509 Aqnosti
626 2468 824 2510 notumque
849 2462 927 2506 tibi,
955 2463 1155 2505 Marcane,
1187 2462 1353 2497 salutas.-

379 2529 428 2554 270
458 2520 592 2555 Verum
621 2529 857 2555 accessurum
887 2529 1034 2554 somnus
1064 2529 1119 2554 me
1143 2519 1245 2564 liquit
1276 2520 1460 2551 amantem

446 2577 496 2611 Et
525 2577 643 2611 tristis
663 2575 784 2622 ferme
813 2575 988 2622 defuncto
1019 2578 1091 2612 vita
1120 2575 1267 2610 revixit.

532 2632 639 2668 Nunc
667 2632 755 2667 mihi
781 2632 952 2667 dicentur
981 2633 1131 2667 recitati
1153 2641 1202 2665 ea·
1233 2631 1380 2664 mimine
1411 2638 1557 2665 versus:

447 2687 535 2724 Illos
565 2688 742 2735 Calliope,
773 2688 838 2723 lzos
869 2688 1058 2734 referebat
1080 2689 1116 2722 in
1147 2687 1274 2723 ordine
1305 2686 1388 2721 Clio.

268 2874 310 2896 ²³¹
336 2874 467 2917 Getic.]
497 2876 543 2907 cf.
562 2886 594 2908 v.
612 2876 667 2907 24.
728 2875 770 2896 ²³⁹
796 2876 954 2908 exducas
980 2880 1021 2908 271.
1083 2874 1127 2894 ²⁴⁴
1152 2900 1159 2914 ‚
1181 2883 1379 2906 connexum
1404 2871 1570 2911 brachia,
1589 2875 1631 2902 M.
1692 2869 1736 2891 ²⁴⁹
1759 2869 1829 2902 hac
1848 2873 1888 2904 Ji,

180 2930 224 2951 ²⁵⁸
248 2931 361 2964 Libra
385 2936 427 2964 M.
498 2931 541 2951 ²⁶¹
567 2931 632 2963 illa
656 2936 698 2963 M.
771 2931 814 2951 ²⁶³
840 2943 970 2974 eorpus
996 2935 1133 2964 motare
1160 2941 1290 2972 sequar
1316 2930 1423 2962 anim.
1444 2932 1484 2962 ΙΙ.
1553 2927 1597 2948 ²⁵⁴
1622 2938 1693 2969 qua
1710 2931 1753 2959 M.
1824 2927 1888 2958 mi-

182 2986 245 3028 sit]
274 2999 317 3018 an
341 2988 495 3020 miscet?
565 2987 610 3008 ²5⁵
635 2988 767 3020 Iachus
793 2992 836 3018 JI.
906 2988 950 3008 ²⁶5
976 2989 1090 3028 Quem
1116 2991 1158 3018 JI.
1245 2986 1289 3006 ²⁶⁹
1313 2986 1492 3017 Markane
1518 2989 1559 3016 M.
1639 2983 1683 3004 ²⁷⁰
1708 2986 1887 3015 amentem

177 3047 271 3083 puto.
363 3041 406 3063 ²⁷²
431 3043 577 3075 recitali
601 3047 643 3075 M.
730 3043 773 3063 ²⁷³
798 3045 952 3076 Hutteni
977 3044 1105 3076 laudes
1132 3043 1261 3075 tribuit
1284 3044 1397 3074 Musae
1424 3051 1502 3083 quae
1527 3041 1685 3073 heroicis
1709 3038 1888 3078 versibus,

180 3098 372 3130 Francisei
397 3099 432 3131 ei
456 3109 535 3141 quae
559 3099 716 3131 historiae
741 3104 885 3141 praeest.
